3020 5020
686 375 753 439 21*

154 556 300 640 tandum,
324 558 402 643 quin
426 581 474 642 ca,
507 577 589 642 quae
618 556 658 622 de
682 557 888 643 singularum
919 558 1105 626 fabularum
1124 561 1250 627 scaenis

152 667 284 732 concise
308 666 440 751 quidem
463 678 495 730 at
514 668 558 732 ita
582 676 689 732 umen
714 667 839 732 monuit
849 666 1103 756 Aristophanes,
1126 679 1161 733 ut
1181 670 1249 758 ple-

151 797 226 842 nam
246 773 324 840 inde
346 795 484 840 scaenae
517 776 695 860 imaginem
719 785 852 862 possent
873 775 1014 860 haurire,
1048 777 1175 844 incuria
1196 779 1248 844 de·

150 903 239 950 mum
263 883 471 950 librariorum
495 883 547 948 vel
583 883 636 968 qui
665 891 858 969 argumente
892 884 1120 971 excripserunt
1143 907 1251 973 gram·

149 992 342 1058 maticorum
379 992 419 1056 ad
442 993 522 1057 vilos
549 991 721 1078 reliquias,
744 1015 838 1078 ,quas
860 992 958 1060 hodie
982 994 1157 1079 habemus,
1187 995 1252 1062 sint

151 1099 296 1167 redacta.
342 1101 545 1168 luculentum
569 1101 733 1185 quoddam
767 1102 999 1186 testimonium,
1023 1125 1118 1188 quam
1143 1103 1251 1170 incre·

150 1206 243 1277 dibili
273 1211 486 1296 neglegentia
514 1221 706 1299 argumenta
733 1212 976 1299 Aristophanen
1004 1195 1152 1303 excripta
1175 1215 1251 1300 sint,

149 1319 198 1402 (et
229 1319 285 1384 vix
311 1342 392 1408 opus
417 1320 538 1403 sotei,
570 1321 625 1406 qui
661 1322 718 1386 illa
745 1321 1003 1408 perlustraverit,
1033 1323 1248 1407 testimonin,)

148 1439 378 1514 argumentum
404 1430 576 1494 Persarum
601 1429 701 1515 (Xlll
715 1430 756 1514 Ο)
789 1431 933 1516 praebet,
957 1430 1011 1498 ubi
1035 1430 1079 1500 ad
1097 1430 1248 1498 indican-

148 1536 224 1602 dam
248 1557 397 1603 scaenam
431 1538 660 1622 gravissimum
692 1540 845 1604 omissum
869 1549 928 1605 est.
981 1540 1101 1605 namsi
1124 1539 1249 1626 legitur

146 1645 204 1711 καὶ
229 1627 320 1713 Ιἔστιν
349 1640 370 1732 ἡ
394 1645 454 1730 μὲν
482 1641 580 1733 σκηνῆ
606 1649 665 1711 τοῦ
687 1642 852 1732 δράματος
881 1643 972 1732 παρὰ
994 1651 1041 1735 τῷ
1062 1643 1161 1744 τόρνῳ
1184 1653 1250 1715 Δα-

148 1754 250 1839 ρείου,
273 1753 306 1819 in
327 1755 501 1842 propatulo
524 1765 584 1838 est,
609 1758 876 1842 praetermissum
900 1777 971 1823 esse
995 1781 1013 1822 a
1034 1756 1169 1824 librario
1195 1781 1247 1824 ur·

152 1863 201 1930 bis
227 1885 357 1946 nomen,
380 1865 413 1928 in
438 1883 501 1949 qua
525 1865 667 1930 tumulus
687 1865 782 1930 Darii
806 1874 975 1932 extructus
997 1875 1077 1933 eret.
1122 1867 1248 1934 Aristo·

149 1973 276 2062 phanes
299 1971 429 2060 scripsit
451 1968 470 2060 ἡ
493 1969 592 2060 σκηνὴ
618 1967 791 2041 ὑπόκειται
822 1973 857 2040 δν
879 1969 1018 2054 rotnace
1049 1997 1085 2040 π.
1109 1999 1137 2043 τ.
1158 2001 1186 2045 τ.
1211 1981 1248 2044 Δ.

249 2081 325 2148 Non
356 2081 485 2147 diversa
517 2084 556 2149 ab
589 2105 627 2148 ca
658 2083 801 2167 ratione,
836 2107 900 2170 qua
933 2084 991 2150 has
1014 2083 1248 2174 Aristophanis

154 2199 246 2256 notas
268 2189 416 2258 videmus
438 2190 610 2272 mutilatas,
632 2192 768 2258 alterum
793 2202 940 2259 notarum
971 2215 1077 2279 genus
1099 2194 1248 2262 inlibris

148 2298 270 2365 nostris
285 2299 488 2365 decurtatum
502 2309 559 2364 cst.
582 2301 654 2364 cho
665 2299 699 2366 ri
718 2323 925 2390 personae
940 2304 1041 2390 longe
1055 2304 1088 2370 in
1100 2303 1248 2392 plurimis

147 2408 386 2497 hypothesibus
398 2418 529 2496 praeter
552 2409 651 2474 fixam
675 2411 848 2476 formulam
876 2406 893 2478 ό
918 2411 954 2478 δὲ
972 2408 1071 2499 χορός
1093 2412 1246 2499 συνέστη-

146 2541 203 2584 κεν
230 2515 265 2584 ἐκ
295 2516 422 2583 duobus
450 2527 574 2583 tantum
603 2518 713 2585 verbis
740 2519 967 2606 significantur
994 2521 1095 2587 veluti
1127 2521 1245 2604 ἐπιχω-

147 2625 229 2712 ρίων
249 2621 411 2713 γερόντων
438 2628 500 2709 (ΙΙ)
531 2629 689 2714 γυναικῶν
730 2627 910 2694 πολιτίδων
945 2630 1031 2716 (111)
1063 2634 1247 2698 Φοινισσῶν

146 2737 306 2822 γυναικῶν
326 2736 384 2820 (V)
416 2746 449 2801 et
475 2757 557 2822 quac
589 2745 664 2802 sunt
695 2737 823 2802 similia.
877 2738 911 2804 in
945 2738 1112 2806 nonnullis
1135 2749 1242 2805 autem

148 2844 260 2934 paullo
282 2845 461 2910 accuratius
474 2844 702 2911 describuntur
715 2867 875 2934 personae
887 2856 924 2912 ut
944 2846 978 2912 in
1000 2871 1068 2934 arg.
1083 2848 1247 2916 Philocte·
1341 2899 1344 2908 .

146 2963 201 3020 tae
223 2941 337 3038 (XVI)
371 2953 389 3020 δ
421 2954 456 3021 δὲ
484 2949 582 3040 χορός
607 2953 801 3041 συνέστηκεν
831 2955 866 3022 ἐκ
895 2950 1065 3042 μερόντων,
1093 2961 1140 3045 τῷ
1162 2965 1247 3026 Neo-

146 3061 303 3150 πτολέμῳ
321 3058 565 3146 συμπλεόνεων,
577 3064 609 3128 in
626 3085 697 3150 arg.
709 3064 783 3153 Iph.
795 3065 833 3130 Τ.
848 3064 980 3149 (XXII)
1003 3064 1039 3148 ἐξ
1055 3063 1246 3154 Ἑλληνίδων

145 3175 316 3257 γυναικῶν,
337 3169 584 3257 θεραπαινίδων
601 3176 662 3259 τῆς
678 3165 872 3263 Ἰφιγενείας.
893 3174 995 3241 fusius
1010 3177 1105 3242 etiam
1128 3187 1246 3244 notan·

146 3288 200 3345 tur
221 3280 313 3346 chori
337 3303 496 3368 personae
519 3281 552 3345 in
582 3303 651 3366 arg.
675 3282 755 3348 Hec.
786 3280 880 3368 (XX)
915 3278 933 3349 δ
964 3281 1063 3370 χυρδς
1092 3286 1243 3374 συνέστη-

144 3411 201 3455 κεν
221 3387 256 3455 δκ
287 3392 444 3475 γυναικῶν
469 3386 715 3472 αἰχμαλωτίδων
744 3385 915 3478 Τρῳάδων,
950 3399 1244 3480 συμπαδησουσῶν

143 3500 184 3587 τῇ
214 3492 334 3586 Ἑκάβῃ
361 3509 393 3563 et
423 3498 618 3586 Supplicum
652 3498 763 3584 (XXI)
794 3495 812 3566 ὁ
852 3497 951 3584 χορός
984 3501 1176 3589 συνέστηκεν
1210 3503 1247 3587 ἐξ

41 3635 45 3642 ·
143 3597 300 3691 ’.τρμείων
319 3608 487 3693 γυναικῶν,
509 3602 548 3671 αἳ
565 3605 701 3692 μητέρες
721 3593 892 3694 ἧσαντυῖν
915 3608 949 3676 ἐν
966 3605 1089 3696 Θήβαις
1110 3634 1243 3678 πεπτω-

102 3729 105 3734 ·
143 3708 251 3780 νότων
273 3706 441 3800 α’ριστέων.
501 3716 647 3804 sequitur
680 3739 723 3783 ex
743 3717 811 3800 his,
841 3727 878 3782 ut
903 3719 1142 3809 Aristophanes
1176 3744 1243 3788 non

106 3806 111 3816 ³
149 3823 255 3890 solum
275 3823 481 3910 indicaverit,
509 3825 645 3890 chorum
679 3835 828 3892 constare
857 3848 900 3892 ex
922 3828 973 3892 his
996 3828 1104 3895 illisve
1127 3853 1244 3919 perso-

144 3933 207 4017 nis,
231 3933 300 4009 sed,
325 3935 438 4020 quales
462 3935 537 4000 illae
555 3945 675 4019 essent,
698 3937 810 4023 paucis
827 3938 924 4003 etiam
941 3938 1113 4006 addiderit.
1136 3963 1243 4026 neque

145 4041 195 4110 his
222 4042 341 4109 additis
374 4044 557 4110 substitisse
583 4045 642 4110 sed
664 4046 795 4131 longius
824 4047 1022 4134 processisse
1050 4047 1243 4139 Aristopha-

145 4171 230 4234 nem,
251 4152 296 4216 ita
316 4162 352 4218 ut
366 4153 578 4220 adumbraret
594 4155 703 4238 etiam,
720 4177 782 4242 qua
810 4156 936 4222 ratione
956 4155 1108 4222 dramatis
1122 4157 1242 4224 actioni

141 4260 339 4328 interessent
361 4262 451 4328 chori
476 4284 647 4351 personae,
676 4284 718 4328 ex
739 4264 791 4330 his
814 4265 941 4332 duobus
964 4264 1126 4355 exemplis
1149 4276 1241 4334 etro

144 4377 177 4436 et
196 4369 305 4436 verbis
324 4370 422 4460 plane
437 4371 588 4460 gemellis
610 4371 690 4440 licet
706 4374 901 4441 concludere
923 4395 995 4460 arg.
1007 4375 1135 4442 Orestis
1156 4374 1235 4459 (VI)
