<?xml version="1.0" encoding="UTF-8"?>
<!DOCTYPE html PUBLIC "-//W3C//DTD XHTML 1.0 Transitional//EN"
    "http://www.w3.org/TR/xhtml1/DTD/xhtml1-transitional.dtd">
<html xmlns="http://www.w3.org/1999/xhtml" xml:lang="en" lang="en">
 <head>
  <title>
</title>
<meta http-equiv="Content-Type" content="text/html;charset=utf-8" />
  <meta name='ocr-system' content='tesseract 3.04.00' />
  <meta name='ocr-capabilities' content='ocr_page ocr_carea ocr_par ocr_line ocrx_word'/>
</head>
<body>
  <div class='ocr_page' id='page_1' title='image "./grammaticorumgr00trengoog_0071.png"; bbox 0 0 3020 5020; ppageno 0'>
   <div class='ocr_carea' id='block_1_1' title="bbox 813 351 854 416">
    <p class='ocr_par' dir='ltr' id='par_1_1' title="bbox 813 351 854 416">
     <span class='ocr_line' id='line_1_1' title="bbox 813 351 854 416; baseline 0 0"><span class='ocrx_word' id='word_1_1' title='bbox 813 351 854 416; x_wconf 81' lang='grc'><strong>62</strong></span> 
     </span>
    </p>
   </div>
   <div class='ocr_carea' id='block_1_2' title="bbox 225 513 1388 742">
    <p class='ocr_par' dir='ltr' id='par_1_2' title="bbox 225 513 1388 742">
     <span class='ocr_line' id='line_1_2' title="bbox 225 513 1385 635; baseline 0 -37"><span class='ocrx_word' id='word_1_2' title='bbox 225 543 231 635; x_wconf 57' lang='lat' dir='ltr'><strong>l</strong></span> <span class='ocrx_word' id='word_1_3' title='bbox 287 532 406 600; x_wconf 81' lang='lat' dir='ltr'><strong>ascribi</strong></span> <span class='ocrx_word' id='word_1_4' title='bbox 428 543 571 622; x_wconf 80' lang='lat' dir='ltr'><strong>possunt,</strong></span> <span class='ocrx_word' id='word_1_5' title='bbox 597 531 716 598; x_wconf 85' lang='lat' dir='ltr'><strong>Trosd.</strong></span> <span class='ocrx_word' id='word_1_6' title='bbox 736 532 774 596; x_wconf 85' lang='lat'><strong>14</strong></span> <span class='ocrx_word' id='word_1_7' title='bbox 784 527 933 616; x_wconf 73' lang='lat' dir='ltr'><strong>dodpsroo</strong></span> <span class='ocrx_word' id='word_1_8' title='bbox 954 513 1077 610; x_wconf 67' lang='lat' dir='ltr'><strong>immor:</strong></span> <span class='ocrx_word' id='word_1_9' title='bbox 1101 536 1269 616; x_wconf 53' lang='grc' dir='ltr'><strong><em>’ψυχρῶς</em></strong></span> <span class='ocrx_word' id='word_1_10' title='bbox 1289 530 1385 619; x_wconf 76' lang='grc' dir='ltr'><strong><em>ἠτυ-</em></strong></span> 
     </span>
     <span class='ocr_line' id='line_1_3' title="bbox 287 632 1388 742; baseline -0.002 -32"><span class='ocrx_word' id='word_1_11' title='bbox 287 639 501 731; x_wconf 78' lang='grc' dir='ltr'><strong><em>μο-λόγιγσε</em></strong></span> <span class='ocrx_word' id='word_1_12' title='bbox 522 638 581 710; x_wconf 75' lang='grc' dir='ltr'><strong>τὸν</strong></span> <span class='ocrx_word' id='word_1_13' title='bbox 601 642 709 742; x_wconf 66' lang='grc' dir='ltr'><strong><em>ἱίτιτον</em></strong></span> <span class='ocrx_word' id='word_1_14' title='bbox 728 632 796 708; x_wconf 80' lang='grc' dir='ltr'><strong>ἀπὸ</strong></span> <span class='ocrx_word' id='word_1_15' title='bbox 809 642 876 706; x_wconf 87' lang='grc' dir='ltr'><strong>τῶν</strong></span> <span class='ocrx_word' id='word_1_16' title='bbox 888 636 1050 724; x_wconf 78' lang='grc' dir='ltr'><strong><em>δοράτων·</em></strong></span> <span class='ocrx_word' id='word_1_17' title='bbox 1075 632 1388 728; x_wconf 74' lang='grc' dir='ltr'><strong><em>δμεινονγδρτταρά</em></strong></span> 
     </span>
    </p>
   </div>
   <div class='ocr_carea' id='block_1_3' title="bbox 96 741 1387 4436">
    <p class='ocr_par' dir='ltr' id='par_1_3' title="bbox 272 741 1387 1472">
     <span class='ocr_line' id='line_1_4' title="bbox 287 741 1387 838; baseline -0.003 -21"><span class='ocrx_word' id='word_1_18' title='bbox 287 753 327 818; x_wconf 81' lang='grc' dir='ltr'><strong>τὰ</strong></span> <span class='ocrx_word' id='word_1_19' title='bbox 351 753 456 837; x_wconf 87' lang='grc' dir='ltr'><strong><em>δοῦρα</em></strong></span> <span class='ocrx_word' id='word_1_20' title='bbox 475 755 687 838; x_wconf 76' lang='grc' dir='ltr'><strong><em>πεποιῆσθαι</em></strong></span> <span class='ocrx_word' id='word_1_21' title='bbox 707 741 806 838; x_wconf 70' lang='grc' dir='ltr'><strong><em>ἤγουν</em></strong></span> <span class='ocrx_word' id='word_1_22' title='bbox 825 749 865 816; x_wconf 79' lang='grc' dir='ltr'><strong>τὰ</strong></span> <span class='ocrx_word' id='word_1_23' title='bbox 888 745 978 832; x_wconf 79' lang='grc' dir='ltr'><strong><em>ξύλα.</em></strong></span> <span class='ocrx_word' id='word_1_24' title='bbox 1002 745 1160 837; x_wconf 81' lang='grc' dir='ltr'><strong><em>Ὅμηρος·</em></strong></span> <span class='ocrx_word' id='word_1_25' title='bbox 1194 745 1387 835; x_wconf 73' lang='grc' dir='ltr'><strong><em>δουράτεον,</em></strong></span> 
     </span>
     <span class='ocr_line' id='line_1_5' title="bbox 272 856 1384 946; baseline -0.004 -16"><span class='ocrx_word' id='word_1_26' title='bbox 272 858 309 930; x_wconf 78' lang='grc' dir='ltr'><strong>δ’</strong></span> <span class='ocrx_word' id='word_1_27' title='bbox 328 862 396 930; x_wconf 80' lang='grc' dir='ltr'><strong><em>ἐστι</em></strong></span> <span class='ocrx_word' id='word_1_28' title='bbox 411 856 545 944; x_wconf 77' lang='grc' dir='ltr'><strong><em>ξύλινον,</em></strong></span> <span class='ocrx_word' id='word_1_29' title='bbox 557 860 654 946; x_wconf 85' lang='lat' dir='ltr'><strong>&#39;quod</strong></span> <span class='ocrx_word' id='word_1_30' title='bbox 668 859 871 945; x_wconf 75' lang='lat' dir='ltr'><strong>Didymeum</strong></span> <span class='ocrx_word' id='word_1_31' title='bbox 893 881 972 926; x_wconf 90' lang='lat' dir='ltr'><strong>esse·</strong></span> <span class='ocrx_word' id='word_1_32' title='bbox 986 859 1183 926; x_wconf 84' lang='lat' dir='ltr'><strong>documento</strong></span> <span class='ocrx_word' id='word_1_33' title='bbox 1206 870 1255 926; x_wconf 85' lang='lat' dir='ltr'><strong>est</strong></span> <span class='ocrx_word' id='word_1_34' title='bbox 1277 859 1384 926; x_wconf 90' lang='lat' dir='ltr'><strong>schol.</strong></span> 
     </span>
     <span class='ocr_line' id='line_1_6' title="bbox 289 961 1385 1060; baseline -0.005 -20"><span class='ocrx_word' id='word_1_35' title='bbox 289 974 390 1040; x_wconf 87' lang='lat' dir='ltr'><strong>Arist.</strong></span> <span class='ocrx_word' id='word_1_36' title='bbox 413 972 514 1060; x_wconf 86' lang='lat' dir='ltr'><strong>Vesp.</strong></span> <span class='ocrx_word' id='word_1_37' title='bbox 537 970 597 1036; x_wconf 78' lang='lat'><strong>772</strong></span> <span class='ocrx_word' id='word_1_38' title='bbox 627 966 694 1053; x_wconf 75' lang='grc' dir='ltr'><strong>ἅμα</strong></span> <span class='ocrx_word' id='word_1_39' title='bbox 714 969 759 1037; x_wconf 82' lang='grc' dir='ltr'><strong>δὲ</strong></span> <span class='ocrx_word' id='word_1_40' title='bbox 781 968 889 1052; x_wconf 78' lang='grc' dir='ltr'><strong><em>παίζει</em></strong></span> <span class='ocrx_word' id='word_1_41' title='bbox 914 964 1004 1051; x_wconf 78' lang='grc' dir='ltr'><strong><em>παρὰ</em></strong></span> <span class='ocrx_word' id='word_1_42' title='bbox 1026 964 1087 1056; x_wconf 81' lang='grc' dir='ltr'><strong>τήν</strong></span> <span class='ocrx_word' id='word_1_43' title='bbox 1109 972 1168 1035; x_wconf 82' lang='grc' dir='ltr'><strong>τοῦ</strong></span> <span class='ocrx_word' id='word_1_44' title='bbox 1187 965 1282 1056; x_wconf 78' lang='grc' dir='ltr'><strong><em>ἡλίου</em></strong></span> <span class='ocrx_word' id='word_1_45' title='bbox 1305 961 1385 1034; x_wconf 77' lang='lat' dir='ltr'><strong>dvo-</strong></span> 
     </span>
     <span class='ocr_line' id='line_1_7' title="bbox 287 1072 1385 1166; baseline -0.004 -20"><span class='ocrx_word' id='word_1_46' title='bbox 287 1081 415 1165; x_wconf 88' lang='grc' dir='ltr'><strong><em>μαοίαν.</em></strong></span> <span class='ocrx_word' id='word_1_47' title='bbox 460 1082 629 1164; x_wconf 84' lang='grc' dir='ltr'><strong><em>ψυχρῶς</em></strong></span> <span class='ocrx_word' id='word_1_48' title='bbox 654 1077 692 1145; x_wconf 84' lang='grc' dir='ltr'><strong>δὲ</strong></span> <span class='ocrx_word' id='word_1_49' title='bbox 718 1078 869 1160; x_wconf 79' lang='grc' dir='ltr'><strong><em>πέπαιχε,</em></strong></span> <span class='ocrx_word' id='word_1_50' title='bbox 901 1077 1001 1166; x_wconf 79' lang='grc' dir='ltr'><strong><em>φησὶν</em></strong></span> <span class='ocrx_word' id='word_1_51' title='bbox 1032 1072 1273 1161; x_wconf 83' lang='grc' dir='ltr'><strong><em>ὁΔίδυμος,</em></strong></span> <span class='ocrx_word' id='word_1_52' title='bbox 1297 1073 1385 1162; x_wconf 78' lang='grc' dir='ltr'><strong><em>πρὸς</em></strong></span> 
     </span>
     <span class='ocr_line' id='line_1_8' title="bbox 286 1181 1383 1273; baseline -0.004 -19"><span class='ocrx_word' id='word_1_53' title='bbox 286 1181 639 1273; x_wconf 73' lang='grc' dir='ltr'><strong><em>τοδνομα.ὀοῐουδαιο</em></strong></span> <span class='ocrx_word' id='word_1_54' title='bbox 655 1187 848 1253; x_wconf 85' lang='lat' dir='ltr'><strong>vocabulum</strong></span> <span class='ocrx_word' id='word_1_55' title='bbox 864 1189 1009 1272; x_wconf 80' lang='grc' dir='ltr'><strong><em>ψυχρῶς,</em></strong></span> <span class='ocrx_word' id='word_1_56' title='bbox 1028 1185 1114 1271; x_wconf 87' lang='lat' dir='ltr'><strong>quod</strong></span> <span class='ocrx_word' id='word_1_57' title='bbox 1137 1186 1262 1269; x_wconf 83' lang='lat' dir='ltr'><strong>legitur</strong></span> <span class='ocrx_word' id='word_1_58' title='bbox 1284 1185 1383 1252; x_wconf 82' lang='lat' dir='ltr'><strong>ctiam</strong></span> 
     </span>
     <span class='ocr_line' id='line_1_9' title="bbox 287 1289 1383 1378; baseline -0.003 -14"><span class='ocrx_word' id='word_1_59' title='bbox 287 1298 390 1364; x_wconf 91' lang='lat' dir='ltr'><strong>schol.</strong></span> <span class='ocrx_word' id='word_1_60' title='bbox 414 1297 532 1362; x_wconf 85' lang='lat' dir='ltr'><strong>Troad.</strong></span> <span class='ocrx_word' id='word_1_61' title='bbox 555 1297 607 1378; x_wconf 80' lang='lat'><strong>36,</strong></span> <span class='ocrx_word' id='word_1_62' title='bbox 628 1305 664 1360; x_wconf 83' lang='lat' dir='ltr'><strong>ut</strong></span> <span class='ocrx_word' id='word_1_63' title='bbox 685 1289 883 1378; x_wconf 77' lang='grc' dir='ltr'><strong><em>ὑπόψυχρον</em></strong></span> <span class='ocrx_word' id='word_1_64' title='bbox 896 1293 968 1361; x_wconf 87' lang='lat' dir='ltr'><strong>OT.</strong></span> <span class='ocrx_word' id='word_1_65' title='bbox 980 1292 1042 1356; x_wconf 82' lang='lat'><strong>280</strong></span> <span class='ocrx_word' id='word_1_66' title='bbox 1065 1302 1097 1360; x_wconf 87' lang='lat' dir='ltr'><strong>et</strong></span> <span class='ocrx_word' id='word_1_67' title='bbox 1120 1290 1275 1378; x_wconf 80' lang='grc' dir='ltr'><strong><em>ψυχριύω</em></strong></span> <span class='ocrx_word' id='word_1_68' title='bbox 1288 1295 1383 1361; x_wconf 80' lang='lat' dir='ltr'><strong>Aine.</strong></span> 
     </span>
     <span class='ocr_line' id='line_1_10' title="bbox 290 1407 379 1472; baseline 0.011 -2"><span class='ocrx_word' id='word_1_69' title='bbox 290 1407 379 1472; x_wconf 75' lang='lat'><strong>1123.</strong></span> 
     </span>
    </p>

    <p class='ocr_par' dir='ltr' id='par_1_4' title="bbox 287 1511 1385 2474">
     <span class='ocr_line' id='line_1_11' title="bbox 373 1511 1385 1602; baseline -0.004 -22"><span class='ocrx_word' id='word_1_70' title='bbox 373 1517 592 1602; x_wconf 82' lang='lat' dir='ltr'><strong>Quotcunque</strong></span> <span class='ocrx_word' id='word_1_71' title='bbox 606 1513 706 1598; x_wconf 85' lang='lat' dir='ltr'><strong>igitur</strong></span> <span class='ocrx_word' id='word_1_72' title='bbox 719 1512 800 1578; x_wconf 89' lang='lat' dir='ltr'><strong>locis</strong></span> <span class='ocrx_word' id='word_1_73' title='bbox 812 1512 977 1598; x_wconf 85' lang='lat' dir='ltr'><strong>Didymus</strong></span> <span class='ocrx_word' id='word_1_74' title='bbox 996 1533 1032 1576; x_wconf 89' lang='lat' dir='ltr'><strong>se</strong></span> <span class='ocrx_word' id='word_1_75' title='bbox 1052 1520 1194 1598; x_wconf 75' lang='lat' dir='ltr'><strong>praestat</strong></span> <span class='ocrx_word' id='word_1_76' title='bbox 1215 1511 1385 1578; x_wconf 75' lang='lat' dir='ltr'><strong>cavillato-</strong></span> 
     </span>
     <span class='ocr_line' id='line_1_12' title="bbox 287 1619 1384 1712; baseline -0.003 -23"><span class='ocrx_word' id='word_1_77' title='bbox 287 1647 357 1690; x_wconf 86' lang='lat' dir='ltr'><strong>rem</strong></span> <span class='ocrx_word' id='word_1_78' title='bbox 379 1622 557 1712; x_wconf 81' lang='lat' dir='ltr'><strong>Euripidis,</strong></span> <span class='ocrx_word' id='word_1_79' title='bbox 580 1645 643 1710; x_wconf 92' lang='lat' dir='ltr'><strong>quo</strong></span> <span class='ocrx_word' id='word_1_80' title='bbox 667 1645 803 1688; x_wconf 86' lang='lat' dir='ltr'><strong>revera</strong></span> <span class='ocrx_word' id='word_1_81' title='bbox 828 1622 937 1687; x_wconf 90' lang='lat' dir='ltr'><strong>nullus</strong></span> <span class='ocrx_word' id='word_1_82' title='bbox 961 1631 1056 1709; x_wconf 86' lang='lat' dir='ltr'><strong>poeta</strong></span> <span class='ocrx_word' id='word_1_83' title='bbox 1084 1619 1269 1686; x_wconf 79' lang='lat' dir='ltr'><strong>uberiorem</strong></span> <span class='ocrx_word' id='word_1_84' title='bbox 1300 1621 1384 1686; x_wconf 88' lang='lat' dir='ltr'><strong>vitu·</strong></span> 
     </span>
     <span class='ocr_line' id='line_1_13' title="bbox 288 1728 1382 1823; baseline -0.004 -23"><span class='ocrx_word' id='word_1_85' title='bbox 288 1733 423 1823; x_wconf 85' lang='lat' dir='ltr'><strong>perandi</strong></span> <span class='ocrx_word' id='word_1_86' title='bbox 454 1733 642 1799; x_wconf 82' lang='lat' dir='ltr'><strong>facultatem</strong></span> <span class='ocrx_word' id='word_1_87' title='bbox 665 1733 801 1818; x_wconf 86' lang='lat' dir='ltr'><strong>praebet</strong></span> <span class='ocrx_word' id='word_1_88' title='bbox 823 1730 921 1796; x_wconf 92' lang='lat' dir='ltr'><strong>iudici</strong></span> <span class='ocrx_word' id='word_1_89' title='bbox 943 1731 1054 1818; x_wconf 84' lang='lat' dir='ltr'><strong>paullo</strong></span> <span class='ocrx_word' id='word_1_90' title='bbox 1077 1728 1243 1816; x_wconf 81' lang='lat' dir='ltr'><strong>iniquiori,</strong></span> <span class='ocrx_word' id='word_1_91' title='bbox 1272 1740 1382 1796; x_wconf 82' lang='lat' dir='ltr'><strong>tomen</strong></span> 
     </span>
     <span class='ocr_line' id='line_1_14' title="bbox 287 1838 1379 1927; baseline -0.004 -21"><span class='ocrx_word' id='word_1_92' title='bbox 287 1842 322 1908; x_wconf 92' lang='lat' dir='ltr'><strong>in</strong></span> <span class='ocrx_word' id='word_1_93' title='bbox 342 1840 479 1926; x_wconf 86' lang='lat' dir='ltr'><strong>Didymi</strong></span> <span class='ocrx_word' id='word_1_94' title='bbox 503 1841 662 1906; x_wconf 87' lang='lat' dir='ltr'><strong>honorem</strong></span> <span class='ocrx_word' id='word_1_95' title='bbox 682 1862 749 1906; x_wconf 89' lang='lat' dir='ltr'><strong>non</strong></span> <span class='ocrx_word' id='word_1_96' title='bbox 771 1839 1049 1927; x_wconf 73' lang='lat' dir='ltr'><strong>praetereundum</strong></span> <span class='ocrx_word' id='word_1_97' title='bbox 1072 1849 1122 1905; x_wconf 82' lang='lat' dir='ltr'><strong>est</strong></span> <span class='ocrx_word' id='word_1_98' title='bbox 1142 1838 1284 1921; x_wconf 84' lang='lat' dir='ltr'><strong>silentio,</strong></span> <span class='ocrx_word' id='word_1_99' title='bbox 1305 1855 1379 1904; x_wconf 84' lang='lat' dir='ltr'><strong>eum</strong></span> 
     </span>
     <span class='ocr_line' id='line_1_15' title="bbox 287 1947 1378 2036; baseline -0.002 -20"><span class='ocrx_word' id='word_1_100' title='bbox 287 1951 321 2016; x_wconf 88' lang='lat' dir='ltr'><strong>in</strong></span> <span class='ocrx_word' id='word_1_101' title='bbox 341 1950 402 2015; x_wconf 85' lang='lat' dir='ltr'><strong>hac</strong></span> <span class='ocrx_word' id='word_1_102' title='bbox 424 1972 460 2015; x_wconf 91' lang='lat' dir='ltr'><strong>re</strong></span> <span class='ocrx_word' id='word_1_103' title='bbox 483 1974 548 2016; x_wconf 89' lang='lat' dir='ltr'><strong>uon</strong></span> <span class='ocrx_word' id='word_1_104' title='bbox 571 1949 715 2035; x_wconf 88' lang='lat' dir='ltr'><strong>opinioni</strong></span> <span class='ocrx_word' id='word_1_105' title='bbox 740 1948 868 2014; x_wconf 88' lang='lat' dir='ltr'><strong>cuidam</strong></span> <span class='ocrx_word' id='word_1_106' title='bbox 890 1947 924 2014; x_wconf 87' lang='lat' dir='ltr'><strong>in</strong></span> <span class='ocrx_word' id='word_1_107' title='bbox 945 1959 1048 2014; x_wconf 87' lang='lat' dir='ltr'><strong>artem</strong></span> <span class='ocrx_word' id='word_1_108' title='bbox 1061 1947 1272 2034; x_wconf 82' lang='lat' dir='ltr'><strong>Euripidesm</strong></span> <span class='ocrx_word' id='word_1_109' title='bbox 1286 1970 1378 2036; x_wconf 79' lang='lat' dir='ltr'><strong>prse-</strong></span> 
     </span>
     <span class='ocr_line' id='line_1_16' title="bbox 288 2056 1378 2146; baseline -0.002 -22"><span class='ocrx_word' id='word_1_110' title='bbox 288 2068 463 2146; x_wconf 84' lang='lat' dir='ltr'><strong>occupatce</strong></span> <span class='ocrx_word' id='word_1_111' title='bbox 488 2056 674 2142; x_wconf 85' lang='lat' dir='ltr'><strong>indulgere,</strong></span> <span class='ocrx_word' id='word_1_112' title='bbox 709 2058 766 2124; x_wconf 88' lang='lat' dir='ltr'><strong>sed</strong></span> <span class='ocrx_word' id='word_1_113' title='bbox 799 2057 916 2124; x_wconf 86' lang='lat' dir='ltr'><strong>iustam</strong></span> <span class='ocrx_word' id='word_1_114' title='bbox 946 2067 979 2124; x_wconf 87' lang='lat' dir='ltr'><strong>et</strong></span> <span class='ocrx_word' id='word_1_115' title='bbox 1007 2079 1049 2124; x_wconf 84' lang='lat' dir='ltr'><strong>ex</strong></span> <span class='ocrx_word' id='word_1_116' title='bbox 1075 2057 1206 2142; x_wconf 88' lang='lat' dir='ltr'><strong>legibus</strong></span> <span class='ocrx_word' id='word_1_117' title='bbox 1226 2079 1304 2124; x_wconf 84' lang='lat' dir='ltr'><strong>suae</strong></span> <span class='ocrx_word' id='word_1_118' title='bbox 1327 2057 1378 2122; x_wconf 82' lang='lat' dir='ltr'><strong>vel</strong></span> 
     </span>
     <span class='ocr_line' id='line_1_17' title="bbox 288 2166 1381 2256; baseline 0 -22"><span class='ocrx_word' id='word_1_119' title='bbox 288 2168 397 2255; x_wconf 88' lang='lat' dir='ltr'><strong>potius</strong></span> <span class='ocrx_word' id='word_1_120' title='bbox 410 2167 642 2256; x_wconf 79' lang='lat' dir='ltr'><strong>Aristophanis</strong></span> <span class='ocrx_word' id='word_1_121' title='bbox 661 2167 738 2232; x_wconf 87' lang='lat' dir='ltr'><strong>artis</strong></span> <span class='ocrx_word' id='word_1_122' title='bbox 761 2167 895 2232; x_wconf 77' lang='lat' dir='ltr'><strong>criticae</strong></span> <span class='ocrx_word' id='word_1_123' title='bbox 916 2166 1088 2233; x_wconf 88' lang='lat' dir='ltr'><strong>oriundam</strong></span> <span class='ocrx_word' id='word_1_124' title='bbox 1100 2189 1271 2234; x_wconf 84' lang='lat' dir='ltr'><strong>censuram</strong></span> <span class='ocrx_word' id='word_1_125' title='bbox 1288 2189 1381 2234; x_wconf 81' lang='lat' dir='ltr'><strong>exer·</strong></span> 
     </span>
     <span class='ocr_line' id='line_1_18' title="bbox 289 2273 1381 2365; baseline 0 -24"><span class='ocrx_word' id='word_1_126' title='bbox 289 2299 375 2344; x_wconf 89' lang='lat' dir='ltr'><strong>cere.</strong></span> <span class='ocrx_word' id='word_1_127' title='bbox 417 2277 595 2344; x_wconf 87' lang='lat' dir='ltr'><strong>clarissime</strong></span> <span class='ocrx_word' id='word_1_128' title='bbox 617 2277 679 2341; x_wconf 91' lang='lat' dir='ltr'><strong>boc</strong></span> <span class='ocrx_word' id='word_1_129' title='bbox 708 2276 786 2342; x_wconf 87' lang='lat' dir='ltr'><strong>inde</strong></span> <span class='ocrx_word' id='word_1_130' title='bbox 808 2286 954 2365; x_wconf 73' lang='lat' dir='ltr'><strong>apparet,</strong></span> <span class='ocrx_word' id='word_1_131' title='bbox 987 2273 1075 2362; x_wconf 87' lang='lat' dir='ltr'><strong>quod</strong></span> <span class='ocrx_word' id='word_1_132' title='bbox 1105 2299 1226 2342; x_wconf 89' lang='lat' dir='ltr'><strong>senon</strong></span> <span class='ocrx_word' id='word_1_133' title='bbox 1251 2287 1381 2342; x_wconf 86' lang='lat' dir='ltr'><strong>coercet</strong></span> 
     </span>
     <span class='ocr_line' id='line_1_19' title="bbox 288 2384 1383 2474; baseline 0 -22"><span class='ocrx_word' id='word_1_134' title='bbox 288 2387 322 2452; x_wconf 91' lang='lat' dir='ltr'><strong>in</strong></span> <span class='ocrx_word' id='word_1_135' title='bbox 342 2384 558 2474; x_wconf 86' lang='lat' dir='ltr'><strong>vituperando</strong></span> <span class='ocrx_word' id='word_1_136' title='bbox 582 2409 648 2452; x_wconf 93' lang='lat' dir='ltr'><strong>uno</strong></span> <span class='ocrx_word' id='word_1_137' title='bbox 671 2385 841 2474; x_wconf 83' lang='lat' dir='ltr'><strong>Euripide,</strong></span> <span class='ocrx_word' id='word_1_138' title='bbox 863 2385 921 2452; x_wconf 88' lang='lat' dir='ltr'><strong>scd</strong></span> <span class='ocrx_word' id='word_1_139' title='bbox 949 2386 982 2451; x_wconf 92' lang='lat' dir='ltr'><strong>in</strong></span> <span class='ocrx_word' id='word_1_140' title='bbox 1006 2386 1087 2452; x_wconf 86' lang='lat' dir='ltr'><strong>alios</strong></span> <span class='ocrx_word' id='word_1_141' title='bbox 1109 2407 1240 2472; x_wconf 84' lang='lat' dir='ltr'><strong>quoqne</strong></span> <span class='ocrx_word' id='word_1_142' title='bbox 1272 2397 1383 2474; x_wconf 74' lang='lat' dir='ltr'><strong>poetes</strong></span> 
     </span>
    </p>

    <p class='ocr_par' dir='ltr' id='par_1_5' title="bbox 96 2493 1382 3019">
     <span class='ocr_line' id='line_1_20' title="bbox 96 2493 1379 2582; baseline 0.003 -26"><span class='ocrx_word' id='word_1_143' title='bbox 96 2543 101 2556; x_wconf 84' lang='grc'><em>,</em></span> <span class='ocrx_word' id='word_1_144' title='bbox 219 2571 222 2578; x_wconf 25' lang='grc'><strong><em>’</em></strong></span> <span class='ocrx_word' id='word_1_145' title='bbox 290 2495 465 2580; x_wconf 82' lang='lat' dir='ltr'><strong>invehitur,</strong></span> <span class='ocrx_word' id='word_1_146' title='bbox 500 2495 556 2560; x_wconf 93' lang='lat' dir='ltr'><strong>ubi</strong></span> <span class='ocrx_word' id='word_1_147' title='bbox 588 2505 701 2562; x_wconf 80' lang='lat' dir='ltr'><strong>contre</strong></span> <span class='ocrx_word' id='word_1_148' title='bbox 727 2493 805 2560; x_wconf 88' lang='lat' dir='ltr'><strong>artis</strong></span> <span class='ocrx_word' id='word_1_149' title='bbox 835 2494 928 2580; x_wconf 86' lang='lat' dir='ltr'><strong>leges</strong></span> <span class='ocrx_word' id='word_1_150' title='bbox 956 2517 1110 2582; x_wconf 86' lang='lat' dir='ltr'><strong>peccasse</strong></span> <span class='ocrx_word' id='word_1_151' title='bbox 1141 2493 1169 2559; x_wconf 89' lang='lat' dir='ltr'><strong>ci</strong></span> <span class='ocrx_word' id='word_1_152' title='bbox 1200 2493 1379 2560; x_wconf 87' lang='lat' dir='ltr'><strong>videantur.</strong></span> 
     </span>
     <span class='ocr_line' id='line_1_21' title="bbox 290 2603 1380 2694; baseline 0 -24"><span class='ocrx_word' id='word_1_153' title='bbox 290 2603 468 2670; x_wconf 81' lang='lat' dir='ltr'><strong>Pindarum</strong></span> <span class='ocrx_word' id='word_1_154' title='bbox 487 2604 647 2670; x_wconf 89' lang='lat' dir='ltr'><strong>mendacii</strong></span> <span class='ocrx_word' id='word_1_155' title='bbox 670 2605 851 2672; x_wconf 80' lang='lat' dir='ltr'><strong>convicisse</strong></span> <span class='ocrx_word' id='word_1_156' title='bbox 865 2606 1045 2694; x_wconf 91' lang='lat' dir='ltr'><strong>Didymum</strong></span> <span class='ocrx_word' id='word_1_157' title='bbox 1068 2607 1131 2674; x_wconf 89' lang='lat' dir='ltr'><strong>iam</strong></span> <span class='ocrx_word' id='word_1_158' title='bbox 1152 2605 1380 2674; x_wconf 78' lang='lat' dir='ltr'><strong>animadverti-</strong></span> 
     </span>
     <span class='ocr_line' id='line_1_22' title="bbox 289 2713 1380 2804; baseline 0.002 -26"><span class='ocrx_word' id='word_1_159' title='bbox 289 2735 369 2778; x_wconf 89' lang='lat' dir='ltr'><strong>mus.</strong></span> <span class='ocrx_word' id='word_1_160' title='bbox 393 2735 434 2780; x_wconf 89' lang='lat' dir='ltr'><strong>ne</strong></span> <span class='ocrx_word' id='word_1_161' title='bbox 447 2714 601 2802; x_wconf 84' lang='lat' dir='ltr'><strong>Sophocli</strong></span> <span class='ocrx_word' id='word_1_162' title='bbox 615 2713 758 2798; x_wconf 84' lang='lat' dir='ltr'><strong>quidem,</strong></span> <span class='ocrx_word' id='word_1_163' title='bbox 771 2737 866 2801; x_wconf 88' lang='lat' dir='ltr'><strong>quem</strong></span> <span class='ocrx_word' id='word_1_164' title='bbox 880 2717 1013 2782; x_wconf 90' lang='lat' dir='ltr'><strong>summis</strong></span> <span class='ocrx_word' id='word_1_165' title='bbox 1024 2717 1175 2784; x_wconf 77' lang='lat' dir='ltr'><strong>laudibus</strong></span> <span class='ocrx_word' id='word_1_166' title='bbox 1188 2716 1380 2804; x_wconf 85' lang='lat' dir='ltr'><strong>plerumque</strong></span> 
     </span>
     <span class='ocr_line' id='line_1_23' title="bbox 289 2821 1381 2912; baseline 0.002 -26"><span class='ocrx_word' id='word_1_167' title='bbox 289 2822 395 2905; x_wconf 85' lang='lat' dir='ltr'><strong>effert,</strong></span> <span class='ocrx_word' id='word_1_168' title='bbox 431 2844 506 2888; x_wconf 91' lang='lat' dir='ltr'><strong>eum</strong></span> <span class='ocrx_word' id='word_1_169' title='bbox 529 2823 717 2912; x_wconf 86' lang='lat' dir='ltr'><strong>pepercisse</strong></span> <span class='ocrx_word' id='word_1_170' title='bbox 738 2823 916 2890; x_wconf 86' lang='lat' dir='ltr'><strong>edocemur</strong></span> <span class='ocrx_word' id='word_1_171' title='bbox 933 2824 1067 2892; x_wconf 89' lang='lat' dir='ltr'><strong>scholiis</strong></span> <span class='ocrx_word' id='word_1_172' title='bbox 1091 2825 1221 2912; x_wconf 77' lang='lat' dir='ltr'><strong>saepius</strong></span> <span class='ocrx_word' id='word_1_173' title='bbox 1244 2821 1381 2890; x_wconf 77' lang='lat' dir='ltr'><strong>laudatis</strong></span> 
     </span>
     <span class='ocr_line' id='line_1_24' title="bbox 288 2930 1382 3019; baseline 0.002 -24"><span class='ocrx_word' id='word_1_174' title='bbox 288 2930 329 2995; x_wconf 85' lang='lat' dir='ltr'><strong>ad</strong></span> <span class='ocrx_word' id='word_1_175' title='bbox 350 2930 444 2998; x_wconf 87' lang='lat' dir='ltr'><strong>Aiao.</strong></span> <span class='ocrx_word' id='word_1_176' title='bbox 465 2931 545 2995; x_wconf 80' lang='lat'>1123</span> <span class='ocrx_word' id='word_1_177' title='bbox 568 2939 602 2996; x_wconf 85' lang='lat' dir='ltr'><strong>et</strong></span> <span class='ocrx_word' id='word_1_178' title='bbox 623 2930 715 3014; x_wconf 75' lang='lat'><strong>1126,</strong></span> <span class='ocrx_word' id='word_1_179' title='bbox 745 2932 801 2997; x_wconf 87' lang='lat' dir='ltr'><strong>ubi</strong></span> <span class='ocrx_word' id='word_1_180' title='bbox 826 2932 1065 3017; x_wconf 76' lang='lat' dir='ltr'><strong>altercationes,</strong></span> <span class='ocrx_word' id='word_1_181' title='bbox 1099 2953 1181 3019; x_wconf 87' lang='lat' dir='ltr'><strong>quae</strong></span> <span class='ocrx_word' id='word_1_182' title='bbox 1203 2932 1245 2999; x_wconf 89' lang='lat' dir='ltr'><strong>de</strong></span> <span class='ocrx_word' id='word_1_183' title='bbox 1270 2931 1382 2998; x_wconf 70' lang='lat' dir='ltr'><strong>Aiacis</strong></span> 
     </span>
    </p>

    <p class='ocr_par' dir='ltr' id='par_1_6' title="bbox 235 3026 1380 4436">
     <span class='ocr_line' id='line_1_25' title="bbox 235 3026 1379 3128; baseline 0.003 -24"><span class='ocrx_word' id='word_1_184' title='bbox 235 3026 242 3086; x_wconf 53' lang='lat'><strong>¹-</strong></span> <span class='ocrx_word' id='word_1_185' title='bbox 289 3039 447 3105; x_wconf 71' lang='lat' dir='ltr'><strong>cadavere</strong></span> <span class='ocrx_word' id='word_1_186' title='bbox 471 3040 664 3128; x_wconf 81' lang='lat' dir='ltr'><strong>sepeliendo</strong></span> <span class='ocrx_word' id='word_1_187' title='bbox 686 3039 773 3106; x_wconf 85' lang='lat' dir='ltr'><strong>inter</strong></span> <span class='ocrx_word' id='word_1_188' title='bbox 795 3039 959 3109; x_wconf 85' lang='lat' dir='ltr'><strong>Teucrum</strong></span> <span class='ocrx_word' id='word_1_189' title='bbox 983 3053 1016 3108; x_wconf 88' lang='lat' dir='ltr'><strong>et</strong></span> <span class='ocrx_word' id='word_1_190' title='bbox 1037 3041 1225 3110; x_wconf 76' lang='lat' dir='ltr'><strong>Menelaum</strong></span> <span class='ocrx_word' id='word_1_191' title='bbox 1250 3061 1379 3108; x_wconf 79' lang='lat' dir='ltr'><strong>excree-</strong></span> 
     </span>
     <span class='ocr_line' id='line_1_26' title="bbox 288 3148 1376 3238; baseline 0.004 -24"><span class='ocrx_word' id='word_1_192' title='bbox 288 3157 373 3230; x_wconf 81' lang='lat' dir='ltr'><strong>runt,</strong></span> <span class='ocrx_word' id='word_1_193' title='bbox 396 3161 432 3214; x_wconf 75' lang='lat' dir='ltr'><strong>ut</strong></span> <span class='ocrx_word' id='word_1_194' title='bbox 453 3148 575 3214; x_wconf 88' lang='lat' dir='ltr'><strong>alienas</strong></span> <span class='ocrx_word' id='word_1_195' title='bbox 595 3148 755 3234; x_wconf 85' lang='lat' dir='ltr'><strong>atragicc</strong></span> <span class='ocrx_word' id='word_1_196' title='bbox 775 3150 975 3218; x_wconf 85' lang='lat' dir='ltr'><strong>sublimitate</strong></span> <span class='ocrx_word' id='word_1_197' title='bbox 997 3152 1139 3218; x_wconf 79' lang='lat' dir='ltr'><strong>damnat.</strong></span> <span class='ocrx_word' id='word_1_198' title='bbox 1165 3159 1376 3238; x_wconf 75' lang='lat' dir='ltr'><strong>quantopere,</strong></span> 
     </span>
     <span class='ocr_line' id='line_1_27' title="bbox 288 3252 1380 3344; baseline -0.001 -22"><span class='ocrx_word' id='word_1_199' title='bbox 288 3267 324 3324; x_wconf 82' lang='lat' dir='ltr'><strong>ut</strong></span> <span class='ocrx_word' id='word_1_200' title='bbox 344 3257 408 3324; x_wconf 90' lang='lat' dir='ltr'><strong>hoc</strong></span> <span class='ocrx_word' id='word_1_201' title='bbox 429 3256 464 3324; x_wconf 81' lang='grc' dir='ltr'><strong>ἐν</strong></span> <span class='ocrx_word' id='word_1_202' title='bbox 485 3252 621 3344; x_wconf 81' lang='grc' dir='ltr'><strong><em>παρόδῳ</em></strong></span> <span class='ocrx_word' id='word_1_203' title='bbox 651 3257 781 3342; x_wconf 78' lang='lat' dir='ltr'><strong>sddsm,</strong></span> <span class='ocrx_word' id='word_1_204' title='bbox 809 3259 872 3326; x_wconf 91' lang='lat' dir='ltr'><strong>hoo</strong></span> <span class='ocrx_word' id='word_1_205' title='bbox 894 3259 1014 3326; x_wconf 89' lang='lat' dir='ltr'><strong>indicio</strong></span> <span class='ocrx_word' id='word_1_206' title='bbox 1040 3283 1060 3324; x_wconf 88' lang='lat' dir='ltr'><strong>a</strong></span> <span class='ocrx_word' id='word_1_207' title='bbox 1084 3281 1161 3326; x_wconf 85' lang='lat' dir='ltr'><strong>vero</strong></span> <span class='ocrx_word' id='word_1_208' title='bbox 1183 3256 1380 3326; x_wconf 76' lang='lat' dir='ltr'><strong>aberraverit</strong></span> 
     </span>
     <span class='ocr_line' id='line_1_28' title="bbox 288 3365 1377 3456; baseline 0.001 -25"><span class='ocrx_word' id='word_1_209' title='bbox 288 3365 425 3452; x_wconf 78' lang='lat' dir='ltr'><strong>egregie</strong></span> <span class='ocrx_word' id='word_1_210' title='bbox 443 3367 773 3452; x_wconf 86' lang='lat' dir='ltr'><strong>monetWelokerus,</strong></span> <span class='ocrx_word' id='word_1_211' title='bbox 793 3367 846 3456; x_wconf 91' lang='lat' dir='ltr'><strong>qni</strong></span> <span class='ocrx_word' id='word_1_212' title='bbox 867 3369 1089 3455; x_wconf 88' lang='lat' dir='ltr'><strong>compluribus</strong></span> <span class='ocrx_word' id='word_1_213' title='bbox 1110 3368 1191 3436; x_wconf 90' lang='lat' dir='ltr'><strong>locis</strong></span> <span class='ocrx_word' id='word_1_214' title='bbox 1214 3367 1377 3434; x_wconf 84' lang='lat' dir='ltr'><strong>subtilium</strong></span> 
     </span>
     <span class='ocr_line' id='line_1_29' title="bbox 288 3473 1380 3564; baseline 0 -24"><span class='ocrx_word' id='word_1_215' title='bbox 288 3473 426 3560; x_wconf 89' lang='lat' dir='ltr'><strong>Didymi</strong></span> <span class='ocrx_word' id='word_1_216' title='bbox 453 3475 716 3543; x_wconf 84' lang='lat' dir='ltr'><strong>observationum</strong></span> <span class='ocrx_word' id='word_1_217' title='bbox 738 3477 897 3543; x_wconf 84' lang='lat' dir='ltr'><strong>rationem</strong></span> <span class='ocrx_word' id='word_1_218' title='bbox 922 3478 1028 3561; x_wconf 84' lang='lat' dir='ltr'><strong>habet,</strong></span> <span class='ocrx_word' id='word_1_219' title='bbox 1050 3477 1095 3543; x_wconf 79' lang='lat' dir='ltr'><strong>hl.</strong></span> <span class='ocrx_word' id='word_1_220' title='bbox 1118 3477 1204 3543; x_wconf 89' lang='lat' dir='ltr'><strong>schr.</strong></span> <span class='ocrx_word' id='word_1_221' title='bbox 1225 3475 1259 3542; x_wconf 89' lang='lat'><strong>11</strong></span> <span class='ocrx_word' id='word_1_222' title='bbox 1274 3499 1305 3564; x_wconf 89' lang='lat' dir='ltr'><strong>p.</strong></span> <span class='ocrx_word' id='word_1_223' title='bbox 1320 3473 1380 3540; x_wconf 78' lang='grc'><strong>330</strong></span> 
     </span>
     <span class='ocr_line' id='line_1_30' title="bbox 289 3581 1377 3662; baseline -0.002 -14"><span class='ocrx_word' id='word_1_224' title='bbox 289 3581 342 3648; x_wconf 78' lang='lat' dir='ltr'><strong>dic</strong></span> <span class='ocrx_word' id='word_1_225' title='bbox 368 3583 565 3662; x_wconf 74' lang='lat' dir='ltr'><strong>streitredsn</strong></span> <span class='ocrx_word' id='word_1_226' title='bbox 589 3585 747 3652; x_wconf 68' lang='lat' dir='ltr'><strong>suboles</strong></span> <span class='ocrx_word' id='word_1_227' title='bbox 779 3583 920 3652; x_wconf 77' lang='lat' dir='ltr'><strong>Teucros</strong></span> <span class='ocrx_word' id='word_1_228' title='bbox 949 3587 1020 3651; x_wconf 77' lang='lat' dir='ltr'><strong>und</strong></span> <span class='ocrx_word' id='word_1_229' title='bbox 1050 3586 1112 3652; x_wconf 84' lang='grc' dir='ltr'><strong>δωι</strong></span> <span class='ocrx_word' id='word_1_230' title='bbox 1143 3585 1285 3650; x_wconf 73' lang='lat' dir='ltr'><strong>Atriden</strong></span> <span class='ocrx_word' id='word_1_231' title='bbox 1316 3597 1377 3648; x_wconf 76' lang='lat' dir='ltr'><strong>ent·</strong></span> 
     </span>
     <span class='ocr_line' id='line_1_31' title="bbox 287 3691 1377 3782; baseline 0.001 -27"><span class='ocrx_word' id='word_1_232' title='bbox 287 3691 398 3756; x_wconf 77' lang='lat' dir='ltr'><strong>holten</strong></span> <span class='ocrx_word' id='word_1_233' title='bbox 432 3693 538 3758; x_wconf 75' lang='lat' dir='ltr'><strong>coedes·</strong></span> <span class='ocrx_word' id='word_1_234' title='bbox 569 3709 666 3760; x_wconf 76' lang='lat' dir='ltr'><strong>cruos</strong></span> <span class='ocrx_word' id='word_1_235' title='bbox 693 3693 856 3782; x_wconf 72' lang='lat' dir='ltr'><strong>frontiqcs</strong></span> <span class='ocrx_word' id='word_1_236' title='bbox 891 3696 973 3760; x_wconf 81' lang='lat' dir='ltr'><strong>noch</strong></span> <span class='ocrx_word' id='word_1_237' title='bbox 1006 3697 1153 3760; x_wconf 81' lang='lat' dir='ltr'><strong>nicdcrss</strong></span> <span class='ocrx_word' id='word_1_238' title='bbox 1174 3729 1215 3744; x_wconf 91' lang='lat'><em>-</em></span> <span class='ocrx_word' id='word_1_239' title='bbox 1240 3691 1377 3758; x_wconf 74' lang='lat' dir='ltr'><strong>condere</strong></span> 
     </span>
     <span class='ocr_line' id='line_1_32' title="bbox 287 3799 1379 3891; baseline 0 -27"><span class='ocrx_word' id='word_1_240' title='bbox 287 3802 336 3864; x_wconf 82' lang='lat' dir='ltr'><strong>sic</strong></span> <span class='ocrx_word' id='word_1_241' title='bbox 359 3800 460 3866; x_wconf 82' lang='lat' dir='ltr'><strong>lobea</strong></span> <span class='ocrx_word' id='word_1_242' title='bbox 480 3825 566 3890; x_wconf 70' lang='lat' dir='ltr'><strong>pons</strong></span> <span class='ocrx_word' id='word_1_243' title='bbox 587 3805 649 3868; x_wconf 81' lang='lat' dir='ltr'><strong>den</strong></span> <span class='ocrx_word' id='word_1_244' title='bbox 669 3805 840 3870; x_wconf 78' lang='lat' dir='ltr'><strong>character</strong></span> <span class='ocrx_word' id='word_1_245' title='bbox 863 3805 920 3870; x_wconf 82' lang='lat' dir='ltr'><strong>der</strong></span> <span class='ocrx_word' id='word_1_246' title='bbox 937 3804 1057 3870; x_wconf 80' lang='lat' dir='ltr'><strong>derben</strong></span> <span class='ocrx_word' id='word_1_247' title='bbox 1067 3801 1307 3891; x_wconf 73' lang='lat' dir='ltr'><strong>streitiplccs&#39;tea</strong></span> <span class='ocrx_word' id='word_1_248' title='bbox 1326 3799 1379 3864; x_wconf 83' lang='lat' dir='ltr'><strong>der</strong></span> 
     </span>
     <span class='ocr_line' id='line_1_33' title="bbox 289 3899 1378 4004; baseline 0 -31"><span class='ocrx_word' id='word_1_249' title='bbox 289 3909 408 3974; x_wconf 78' lang='lat' dir='ltr'><strong>beroen</strong></span> <span class='ocrx_word' id='word_1_250' title='bbox 430 3913 474 3974; x_wconf 85' lang='grc' dir='ltr'><strong>ιὀι</strong></span> <span class='ocrx_word' id='word_1_251' title='bbox 496 3934 582 3998; x_wconf 83' lang='lat' dir='ltr'><strong>epos,</strong></span> <span class='ocrx_word' id='word_1_252' title='bbox 603 3915 653 3977; x_wconf 82' lang='lat' dir='ltr'><strong>als</strong></span> <span class='ocrx_word' id='word_1_253' title='bbox 672 3899 930 4004; x_wconf 76' lang='lat' dir='ltr'><strong>uncbhdnpipcr,</strong></span> <span class='ocrx_word' id='word_1_254' title='bbox 963 3939 1005 3980; x_wconf 84' lang='grc' dir='ltr'><strong>αα</strong></span> <span class='ocrx_word' id='word_1_255' title='bbox 1028 3912 1139 3999; x_wconf 68' lang='lat' dir='ltr'><strong>beselel</strong></span> <span class='ocrx_word' id='word_1_256' title='bbox 1160 3911 1230 3978; x_wconf 82' lang='lat' dir='ltr'><strong>und</strong></span> <span class='ocrx_word' id='word_1_257' title='bbox 1248 3935 1289 3974; x_wconf 87' lang='grc' dir='ltr'><strong><em>ιιιι</em></strong></span> <span class='ocrx_word' id='word_1_258' title='bbox 1306 3906 1378 3996; x_wconf 82' lang='lat' dir='ltr'><strong>scl-</strong></span> 
     </span>
     <span class='ocr_line' id='line_1_34' title="bbox 290 4017 1378 4108; baseline -0.001 -24"><span class='ocrx_word' id='word_1_259' title='bbox 290 4017 352 4084; x_wconf 80' lang='lat' dir='ltr'><strong>den</strong></span> <span class='ocrx_word' id='word_1_260' title='bbox 380 4021 566 4108; x_wconf 68' lang='lat' dir='ltr'><strong>pervolantes·</strong></span> <span class='ocrx_word' id='word_1_261' title='bbox 598 4045 767 4108; x_wconf 71' lang='lat' dir='ltr'><strong>persensu.</strong></span> <span class='ocrx_word' id='word_1_262' title='bbox 802 4025 887 4090; x_wconf 81' lang='lat' dir='ltr'><strong>sicut</strong></span> <span class='ocrx_word' id='word_1_263' title='bbox 921 4025 954 4090; x_wconf 88' lang='lat' dir='ltr'><strong>in</strong></span> <span class='ocrx_word' id='word_1_264' title='bbox 980 4021 1166 4090; x_wconf 87' lang='lat' dir='ltr'><strong>Phoenissis</strong></span> <span class='ocrx_word' id='word_1_265' title='bbox 1198 4019 1378 4098; x_wconf 79' lang='lat' dir='ltr'><strong>scholicats,</strong></span> 
     </span>
     <span class='ocr_line' id='line_1_35' title="bbox 291 4127 1378 4220; baseline -0.003 -26"><span class='ocrx_word' id='word_1_266' title='bbox 291 4149 388 4216; x_wconf 84' lang='lat' dir='ltr'><strong>qoem</strong></span> <span class='ocrx_word' id='word_1_267' title='bbox 401 4128 580 4216; x_wconf 88' lang='lat' dir='ltr'><strong>Didymum</strong></span> <span class='ocrx_word' id='word_1_268' title='bbox 606 4151 677 4196; x_wconf 87' lang='lat' dir='ltr'><strong>csse</strong></span> <span class='ocrx_word' id='word_1_269' title='bbox 697 4131 760 4198; x_wconf 83' lang='lat' dir='ltr'><strong>iem</strong></span> <span class='ocrx_word' id='word_1_270' title='bbox 776 4154 1005 4220; x_wconf 82' lang='lat' dir='ltr'><strong>agnoscemus,</strong></span> <span class='ocrx_word' id='word_1_271' title='bbox 1027 4131 1186 4198; x_wconf 76' lang='lat' dir='ltr'><strong>locantem</strong></span> <span class='ocrx_word' id='word_1_272' title='bbox 1210 4127 1378 4218; x_wconf 72' lang='lat' dir='ltr'><strong>vituperet,</strong></span> 
     </span>
     <span class='ocr_line' id='line_1_36' title="bbox 291 4231 1378 4326; baseline -0.005 -21"><span class='ocrx_word' id='word_1_273' title='bbox 291 4237 378 4325; x_wconf 89' lang='lat' dir='ltr'><strong>quod</strong></span> <span class='ocrx_word' id='word_1_274' title='bbox 389 4231 449 4306; x_wconf 75' lang='grc' dir='ltr'><strong>οὖν</strong></span> <span class='ocrx_word' id='word_1_275' title='bbox 464 4237 499 4306; x_wconf 77' lang='grc' dir='ltr'><strong>ἐν</strong></span> <span class='ocrx_word' id='word_1_276' title='bbox 512 4235 618 4305; x_wconf 81' lang='grc' dir='ltr'><strong><em>δέοντι</em></strong></span> <span class='ocrx_word' id='word_1_277' title='bbox 629 4239 830 4326; x_wconf 74' lang='grc' dir='ltr'><strong><em>γνωμολογεῖ</em></strong></span> <span class='ocrx_word' id='word_1_278' title='bbox 841 4233 1001 4307; x_wconf 74' lang='grc' dir='ltr'><strong><em>τοιούτων</em></strong></span> <span class='ocrx_word' id='word_1_279' title='bbox 1022 4243 1129 4306; x_wconf 80' lang='grc' dir='ltr'><strong><em>κακῶν</em></strong></span> <span class='ocrx_word' id='word_1_280' title='bbox 1151 4231 1378 4326; x_wconf 74' lang='grc' dir='ltr'><strong><em>περιεστώτων</em></strong></span> 
     </span>
     <span class='ocr_line' id='line_1_37' title="bbox 290 4339 1375 4436; baseline 0 -26"><span class='ocrx_word' id='word_1_281' title='bbox 290 4349 329 4436; x_wconf 80' lang='grc' dir='ltr'><strong>τῇ</strong></span> <span class='ocrx_word' id='word_1_282' title='bbox 342 4341 449 4428; x_wconf 74' lang='grc' dir='ltr'><strong><em>πόλει,</em></strong></span> <span class='ocrx_word' id='word_1_283' title='bbox 473 4347 517 4412; x_wconf 86' lang='lat' dir='ltr'><strong>its</strong></span> <span class='ocrx_word' id='word_1_284' title='bbox 529 4345 570 4412; x_wconf 86' lang='lat' dir='ltr'><strong>ad</strong></span> <span class='ocrx_word' id='word_1_285' title='bbox 583 4343 686 4436; x_wconf 84' lang='lat' dir='ltr'><strong>Soph.</strong></span> <span class='ocrx_word' id='word_1_286' title='bbox 703 4344 773 4414; x_wconf 85' lang='lat' dir='ltr'><strong>OT.</strong></span> <span class='ocrx_word' id='word_1_287' title='bbox 789 4347 868 4414; x_wconf 81' lang='lat'>1523</span> <span class='ocrx_word' id='word_1_288' title='bbox 885 4345 965 4414; x_wconf 87' lang='lat' dir='ltr'><strong>dicit</strong></span> <span class='ocrx_word' id='word_1_289' title='bbox 986 4347 1039 4414; x_wconf 79' lang='grc' dir='ltr'><strong>καὶ</strong></span> <span class='ocrx_word' id='word_1_290' title='bbox 1058 4339 1231 4432; x_wconf 73' lang='grc' dir='ltr'><strong><em>αὐτάρκως</em></strong></span> <span class='ocrx_word' id='word_1_291' title='bbox 1252 4340 1316 4428; x_wconf 74' lang='grc' dir='ltr'><strong><em>ἔχει</em></strong></span> <span class='ocrx_word' id='word_1_292' title='bbox 1339 4339 1375 4410; x_wconf 78' lang='lat' dir='ltr'><strong>cd</strong></span> 
     </span>
    </p>
   </div>
   <div class='ocr_carea' id='block_1_4' title="bbox 0 0 1516 5020">
    <p class='ocr_par' dir='ltr' id='par_1_7' title="bbox 0 0 1516 5020">
     <span class='ocr_line' id='line_1_38' title="bbox 0 0 1516 5020; baseline 0 0"><span class='ocrx_word' id='word_1_293' title='bbox 0 0 1516 5020; x_wconf 95' lang='lat' dir='ltr'><strong> </strong></span> 
     </span>
    </p>
   </div>
  </div>
 </body>
</html>
