3030 5028
771 393 813 458 60

350 581 419 645 Iam
449 549 622 666 postquam
655 576 790 659 scholia,
824 598 907 662 quac
940 577 1079 666 ascripto
1112 576 1243 642 nominc
1281 575 1347 640 Di-

247 691 348 775 dymc
370 688 569 769 tribuuntur,
596 683 801 772 collegimus,
825 685 919 752 haud.
940 686 1055 752 inutile
1086 685 1149 750 erit
1171 707 1271 751 unum
1292 685 1346 751 al-

246 811 392 865 terumve
414 797 601 886 exemplum
624 795 751 873 afferre,
775 794 872 880 quod,
895 794 1041 880 quamvis
1060 793 1262 879 grammatici
1283 815 1343 860 no·

247 905 333 973 mine
357 913 474 988 carcat,
505 903 684 969 certissime
713 902 882 968 tamen'ad
903 925 984 989 euru
1007 899 1216 969 referendum
1238 911 1341 968 totam

246 1017 316 1082 cius
345 1014 539 1082 observandi
561 1013 721 1079 rationem
742 1012 891 1100 eiusque·
906 1034 978 1078 cum
1004 1011 1228 1100 Aristophane
1261 1033 1343 1076 oon-

245 1147 377 1192 sensum
409 1124 579 1190 clariorem
607 1122 733 1187 reddat.
779 1120 961 1207 Didymum
991 1141 1208 1206 agnoscemus
1238 1115 1342 1209 ipsam

247 1233 478 1321 Aristophanis
510 1241 625 1297 notam·
650 1231 919 1318 interpretantem
945 1230 979 1294 in
1000 1231 1102 1296 schol.
1127 1229 1205 1298 Eur.
1232 1230 1338 1298 Andr.

246 1341 286 1406 32
308 1363 338 1426 p.
361 1339 402 1406 39
431 1339 590 1428 excriptc.
620 1360 693 1403 nam
717 1337 834 1422 quibus
856 1337 966 1404 verbis
990 1339 1090 1404 breve
1107 1338 1337 1426 Aristophanis

246 1448 400 1516 iudicium
434 1448 487 1513 acri
517 1444 535 1512 δ
566 1442 651 1532 πρὸς
673 1439 898 1533 Ἀνδρομάχην
930 1442 1025 1532 λόγος
1055 1446 1094 1514 ori
1121 1447 1228 1526 καλῶς
1258 1444 1340 1534 ἔχων

246 1559 320 1640 (nisi
341 1559 426 1623 torte
458 1556 499 1621 ad
531 1557 637 1644 ipsum
663 1556 793 1622 fabulae
825 1577 955 1623 versum
987 1557 1117 1641 signum
1146 1557 1341 1644 appinxerat

246 1667 498 1756 Aristophanes)
518 1665 713 1754 explicatum
728 1664 1022 1732 estetdilatatnm:
1045 1666 1102 1734 ἐπὶ
1123 1672 1341 1752 τραγικοῖς

245 1768 443 1858 προσώποις
463 1771 686 1859 κωμῳδίαν
707 1766 806 1838 αὐτὸν
826 1772 1077 1840 διατεθεῖσθαι·
1117 1777 1274 1859 γυναικῶν
1303 1798 1338 1839 τε

245 1877 304 1968 γὰρ
331 1877 489 1960 ὑπονοίας
511 1881 579 1946 κατ’
603 1872 749 1968 ἀλλήλων
778 1880 832 1947 καὶ
864 1877 979 1970 ζήλους
1006 1883 1060 1948 καὶ
1091 1882 1270 1967 λοιδορίας(
1288 1884 1340 1949 καὶ

246 1980 326 2056 ittae
351 1986 412 2056 ὅσα
437 1987 484 2068 εἷς
512 1989 736 2077 κωμῳδίαν
765 1991 919 2069 συντελεῖ,
954 2011 992 2056 ca
1023 1992 1146 2057 diserte
1174 2002 1355 2058 auctorem

248 2110 408 2166 testantur
438 2099 589 2183 eundem,
611 2099 664 2187 qui
689 2099 722 2162 in
745 2100 846 2166 schol.
863 2093 1153 2189 §spectacular
1175 2125 1193 2166 a
1213 2103 1340 2188 tragica

247 2209 444 2275 sublimitate
468 2209 610 2276 alienum
634 2209 834 2276 indicaverat
866 2209 899 2276 ἐν
924 2209 1135 2300 τραγῳδία
1160 2211 1215 2278 καὶ
1241 2207 1340 2298 μύθῳ

247 2319 377 2405 παλαιῷ
409 2341 442 2382 τι
472 2313 637 2404 κακόηθες
667 2315 775 2385 εἰπεῖν
796 2317 851 2384 καλ
880 2319 1161 2404 προσκρουσυικδν
1194 2317 1241 2400 εἰς
1264 2317 1339 2399 τούς

252 2428 327 2492 καθ’
350 2423 474 2508 ἑαυτὸν,
502 2419 521 2492 ii
549 2428 671 2510 μᾶλλον
699 2422 820 2515 ἥρμοζε
846 2451 900 2492 κω
909 2429 1056 2516 μῳδίᾳ.
1100 2429 1341 2496 ultimc'huius

249 2589 356 2643 tionum
376 2589 406 2642 in
424 2588 537 2643 scholiis
555 2589 659 2643 nostris
679 2593 852 2644 servatarum
870 2587 948 2644 fonte
970 2589 1025 2643 iam
1050 2592 1115 2644 ante
1141 2607 1185 2643 me
1204 2593 1235 2643 nt
1253 2589 1342 2644 conie-

246 2688 354 2740 cturam
372 2685 466 2755 posuit
486 2684 698 2740 G.Wolflius
716 2686 734 2740 l.
752 2686 770 2741 l.
788 2703 815 2754 p.
826 2687 861 2738 27
878 2684 965 2755 (apud
983 2685 1065 2739 Dind.
1079 2704 1106 2754 p.
1116 2687 1172 2752 49),
1193 2686 1240 2755 qni
1259 2683 1343 2739 ctiam

249 2783 337 2837 altero
354 2782 417 2836 loco
436 2799 463 2852 p.
478 2783 510 2836 16
529 2782 583 2851 (ap.
602 2781 635 2837 D.
647 2800 674 2852 p.
686 2785 731 2851 37)
750 2780 905 2836 rectissime
923 2781 1131 2846 animadvertit,
1150 2779 1342 2852 perpetuoDi-

247 2878 359 2949 dymum
376 2877 412 2932 ad
429 2884 529 2948 poetae
549 2884 669 2933 mentem
688 2883 832 2948 artemque
856 2879 1005 2949 respicere.
1039 2879 1150 2948 longius
1177 2893 1340 2949 progressus

246 2983 289 3032 est
306 2978 509 3033 Mauricius
527 2976 759 3049 Schmidtins‚
779 2976 828 3046 qni
845 2976 863 3032 l.
882 2977 900 3032 l.
916 2995 943 3046 p.
953 2979 1006 3031 274
1030 2975 1198 3031 sententiam
1215 2975 1339 3046 protulit,

246 3091 279 3128 ea
297 3091 367 3144 quac
384 3074 414 3128 in
431 3071 543 3129 scholiis
561 3074 666 3128 nostris
685 3072 868 3142 Aristophani
886 3074 1020 3144 Byzantio
1036 3073 1215 3140 deberentur,
1235 3071 1341 3128 Calli-

247 3170 365 3232 strati,
384 3169 580 3240 Aristophanis
599 3169 739 3240 discipuli,
757 3169 849 3224 studio
867 3170 902 3225 ad
921 3188 971 3224 nos
991 3171 1158 3242 pervulgata
1179 3186 1248 3224 essa.
1275 3167 1342 3222 mihi

247 3267 316 3321 hace
337 3267 500 3321 coniectura
527 3267 609 3320 valde
632 3267 740 3321 lubrico
766 3266 948 3320 fundamento
973 3265 1084 3320 videtur
1110 3265 1159 3320 nti.
1197 3282 1261 3319 nam
1287 3264 1342 3318 tria
1412 3299 1415 3302 -

248 3363 354 3419 scholia
371 3363 527 3434 Euripidea
545 3361 600 3430 (Or.
617 3363 851 3429 304.424.1031)‚
871 3379 906 3417 ex
925 3363 1026 3431 quibus
1047 3363 1112 3416 solis
1131 3362 1167 3417 de
1188 3361 1341 3416 Calhstrati

247 3460 321 3515 curis
340 3440 474 3514 scaenicis
494 3465 612 3524 constat,
639 3459 751 3513 minime
776 3457 811 3512 ad
828 3463 918 3513 artem
936 3463 1036 3528 poetae
1056 3457 1257 3513 aestimandam
1280 3475 1342 3528 per·

247 3557 347 3634 tinent,
366 3561 395 3611 et
414 3555 541 3611 scholion
551 3555 730 3612 Pindaricum
740 3555 817 3612 Nem.
828 3555 879 3610 VII
891 3557 950 3620 150,
969 3555 1018 3610 ubi
1029 3555 1205 3610 Callistratus
1216 3555 1341 3624 exponit,

247 3652 400 3708 Pindarum
423 3657 527 3713 οἰκείως
553 3655 717 3725 μεμνῆσθαι
735 3656 932 3725 Νεοπτολέμου
957 3649 1003 3706 διὰ
1030 3648 1078 3718 τὴν
1104 3648 1272 3725 ἀμφοτέρων
1288 3669 1342 3722 γει·
1371 3669 1375 3676 ·

246 3754 360 3814 retacta,
380 3748 510 3818 quodque
527 3749 558 3804 in
576 3748 732 3814 consciuit,
750 3753 783 3804 ut
800 3747 980 3804 Rudclius
999 3747 1228 3814 Schmidtins,
1246 3748 1295 3803 ubi
1311 3748 1341 3802 in

140 3857 164 3874 ’·
248 3845 482 3899 commentatione
507 3847 538 3899 de
566 3847 690 3900 Colitur.
715 3847 800 3900 Arist.
820 3863 849 3914 p.
860 3845 893 3898 19
913 3859 943 3882 =
963 3845 1015 3898 325
1035 3842 1104 3898 Nok.
1134 3842 1169 3898 de
1191 3842 1285 3898 indole
1313 3846 1343 3896 et

247 3944 347 3994 natura
362 3940 513 3995 Callistrati
534 3943 569 3996 in
587 3940 784 3995 Pindarum
802 3939 1065 3996 commentariorum
1083 3940 1216 4009 disputat,
1236 3943 1340 4000 statue·¹

248 4038 299 4100 ret,
321 4036 514 4090 Callistratum
532 4054 589 4090 non
607 4039 665 4090 tam
685 4035 810 4091 difficilia
830 4035 965 4090 vocabula
984 4053 1067 4105 quam
1082 4038 1184 4106 poetae
1194 4036 1341 4091 consilium
1393 4049 1395 4056 ’

248 4138 275 4188 et
293 4134 448 4188 universam
466 4132 666 4187 sententiarum
686 4131 742 4188 rim
761 4135 905 4201 artemque
930 4131 1093 4198 illustrasse,
1120 4131 1190 4186 illud
1216 4132 1340 4187 scholion

247 4229 317 4284 nihil
336 4228 394 4284 fere
412 4228 590 4299 (vccabulum
602 4231 706 4288 οἰκείως
724 4245 807 4298 saepe
825 4227 929 4297 legitur
947 4228 976 4282 in
987 4227 1115 4284 omnibus
1126 4227 1250 4297 scholiis)
1268 4246 1340 4283 corn-

247 4343 332 4406 muna
355 4325 438 4381 habet
461 4343 525 4380 cnm
551 4325 662 4380 scholiis
689 4325 815 4395 tragicis,
842 4341 932 4394 neque
957 4325 1032 4394 quod
1059 4324 1225 4380 addicendi
1251 4342 1340 4396 genus

247 4439 338 4493 neque
357 4421 432 4492 quod
449 4421 485 4477 ad
503 4424 700 4500 argumentum
718 4421 828 4476 attinet.
