2994 5018
658 388 718 453 105

138 580 357 666 νεαλογοῦντα
377 571 512 646 ῦνοιθεν
532 578 674 660 ἐνοχλεῖν
697 571 797 643 αδτδν
816 580 888 654 τοῖς
907 572 1100 657 θεωμένοις.
1123 565 1192 637 ἀλλ’
1216 565 1235 638 δ

137 711 173 774 γε
196 681 380 776 Εὐριπίδης
408 687 568 767 τοιοῦτος.
598 687 631 756 ἐν
657 687 734 773 γοῦν
760 689 834 764 ταῖς
858 681 984 750 Ἱκέτισι
1006 679 1151 768 <v.104>
1177 675 1236 747 τὸν
1257 729 1282 767 s

140 797 251 884 Θησέα
283 792 499 865 ῦνιοτέθειται
528 795 610 875 τοῦς
644 795 723 881 περὶ
755 791 814 862 τῦν
836 785 1024 880 ’Ἄδραστον
1056 785 1236 878 οίγνοοῦντα

137 903 233 978 ἕνεκα
251 909 315 974 τοῦ
338 909 476 993 μηκῦναι
494 903 533 973 τὸ
555 908 672 992 δρᾶμα.

224 1032 348 1100 Electr.
373 1033 451 1102 1251
474 1025 585 1098 αλλ’“
566 1032 644 1099 οταν
664 1029 849 1119 παρουσίαν
868 1023 1051 1096 -ὁνιόταν
1071 1021 1091 1115 ἡ
1110 1045 1265 1153 ιιαρουε

137 1141 195 1208 σία
215 1135 345 1208 τούτων
366 1128 387 1230 ᾗ
408 1139 461 1208 καί
481 1135 499 1207 6
522 1135 635 1223 καιρὸς
656 1132 854 1228 ἐπιτήδειος·
876 1133 915 1205 τῦ
936 1161 998 1224 γαρ
1020 1135 1170 1218 διεξιέναι
1191 1131 1234 1202 vd

136 1245 220 1318 κατὰ
241 1246 301 1318 τδν
323 1243 544 1336 Αγαμέμνονα
565 1247 613 1316 δι’
630 1234 773 1330 ῦχλου
753 1272 792 1336 ην
812 1251 884 1326 τοῖς
902 1251 1042 1326 θεαταῖς
1062 1242 1235 1328 ἐπισταμέ-

136 1383 207 1438 νοις
227 1358 267 1426 τδ
289 1362 357 1424 νοῦν
379 1359 433 1426 καί
452 1359 684 1453 περιμένουσιν
704 1275 786 1425 ἰδεῖν
807 1356 849 1425 τοὶ
864 1357 901 1440 ἐξ
907 1347 1056 1442 Ὀρέστου
1074 1348 1235 1441 γινόμενα.

222 1485 359 1575 Hippol.
382 1475 627 1568 514-ίίριστα
647 1484 684 1551 δὲ
706 1483 761 1550 καί
782 1482 925 1551 ἐνταῦθα
946 1478 966 1570 ἦ
989 1480 1156 1568 διοίκησις.
1178 1481 1236 1569 τὴν

135 1595 198 1680 μέν
218 1589 297 1681 ῦλην
318 1590 483 1684 φάρμαξιν
506 1587 568 1661 οῦκ
587 1595 644 1662 ἐντί
665 1597 785 1681 σκηνῆς
805 1586 873 1659 ἄλλ’
889 1589 983 1660 ένδον
1003 1595 1140 1679 ποιῆσαι
1158 1591 1235 1676 μέλ·
1248 1615 1283 1668 10

136 1704 251 1787 λουοα,
271 1690 424 1783 πιθανῶς
446 1693 508 1790 ἤδη
526 1702 566 1770 τδ
587 1697 764 1790 κεφάλαιον
787 1699 936 1769 ἐπέθετο
956 1702 1014 1789 τῆς
1023 1696 1230 1789 φαρμὰξεως.

138 1809 234 1895 ἔδοξε
254 1807 313 1898 γὰρ
335 1806 374 1878 ῦν
395 1812 538 1895 ἐνοχλεῖν
559 1811 751 1898 διηγουμένη
773 1813 933 1900 φανεριῦς.

223 1935 295 2004 OT.
307 1936 369 2003 280
387 1937 482 2003 δίκαι’
497 1934 622 2020 ἐλεξαςε
644 1933 742 2010 τοῦτό
764 1958 873 2026 φησιν,
895 1930 1014 2022 ἵναμὴ
1037 1929 1236 2017 πάλινττέμ-

136 2058 251 2132 ψωσιν
272 2043 321 2125 είς
340 2049 430 2113 θεοῦ
451 2033 506 2113 καί
525 2047 652 2134 γένηται
674 2043 822 2134 διατριβή
847 2045 948 2134 ἐντῷ
972 2039 1121 2131 δράματι·
1150 2038 1235 2127 ὅπερ

136 2151 344 2244 ῦπόψυχρον.
1250 2161 1283 2216 15

224 2279 295 2348 00,
308 2267 432 2346 296
391 2303 430 2346 ευ
453 2305 493 2368 τη
515 2277 695 2370 οἰκονομίᾳ,
722 2276 807 2348 ὥστε
828 2305 873 2367 μη
863 2272 1061 2414 διατριβὰς
1081 2274 1235 2364 γενέσθαι

136 2388 189 2468 τίς
209 2414 227 2455 ο
218 2385 440 2455 καλέσων”
418 2410 519 2456 εσται.

220 2498 265 2563 ib
288 2497 349 2564 887
381 2497 431 2576 τίς
451 2500 536 2564 ποθ’
558 2491 679 2586 ηβοήε
713 2485 821 2583 ῦίκριυς
851 2499 892 2585 τῇ
918 2492 1090 2584 οἰκονομίᾳ
1113 2489 1152 2562 τῦ
1173 2518 1237 2578 μα-

135 2611 217 2674 θεῖν
237 2601 296 2673 τὸν
317 2606 426 2693 Θησέα
445 2602 487 2673 τοί
508 2602 673 2692 γενόμενα,
703 2601 790 2685 πρὸς
816 2610 889 2684 ταῖς
915 2604 1050 2683 θυσίαις
1072 2594 1151 2669 ῦντα
1175 2606 1235 2671 τοῦ

132 2709 266 2782 Ἶιτιιίου
288 2715 509 2798 Ποσειδῶνος,
530 2709 613 2798 ῦηέρ
635 2715 695 2780 τοῦ
715 2711 763 2800 μη
783 2708 953 2800 διατριβήν
972 2711 1160 2799 ἐγγενέσθαι
1173 2735 1235 2798 μη-
1248 2727 1284 2780 20

136 2817 274 2904 νῦοντός
295 2847 392 2903 τινος.

222 2949 346 3016 Electr.
359 2949 441 3015 1344
461 2952 663 3034 θαυμαστῶς
683 2945 767 3033 ῦπέρ
788 2951 848 3015 τοῦ
869 2947 916 3034 μή
937 2946 1097 3014 ἐπιτελέον
1111 2945 1232 3032 διατρί-

134 3063 217 3144 βειν,
240 3055 283 3136 αῖς
304 3057 359 3123 καί
379 3049 527 3145 Ὀρέστης
551 3057 584 3124 ἐν
605 3060 677 3136 τοῖς
699 3052 895 3143 ἐμιτροσθεν
916 3057 966 3140 (v.
982 3052 1084 3141 1288>
1103 3049 1156 3120 (τὰ
1176 3053 1236 3140 μέν

135 3163 374 3254 περισσεύοντα
392 3169 459 3232 τῶν
478 3161 584 3252 λόγων
601 3156 709 3254 ίίφες’.

220 3277 264 3342 ib.
288 3275 369 3342 1483
391 3275 535 3362 περισσή
559 3273 621 3361 γοὶρ
641 3275 695 3340 καί
715 3273 884 3354 οίιιίθανος
910 3271 1059 3362 διατριβή
1081 3271 1167 3361 ντρδς
1187 3277 1235 3362 τηῖ
1248 3280 1282 3334 25

134 3384 222 3452 τέλει
244 3384 396 3452 ἐκτείνειν
416 3379 532 3471 λόγους
553 3377 623 3451 οἷντί
647 3388 706 3451 τοῦ
729 3377 867 3452 οἷνελεῖν.

224 3509 279 3576 Αἰ.
301 3510 362 3576 792
385 3501 442 3576 οῦκ
465 3502 541 3576 οῖδα
561 3509 620 3598 τὴν
640 3506 700 3598 σὴν
719 3512 852 3596 πρᾶξινε
875 3508 962 3597 πρὸς
983 3506 1021 3575 τῦ
1043 3504 1127 3595 ίμιῦν
1150 3501 1235 3575 ἐλώ-

134 3609 247 3702 λαμεν’
269 3613 428 3706 ἐπήγαγεν
447 3616 465 3685 6
486 3608 622 3705 ῦγγελος
642 3617 720 3705 περί
742 3621 806 3684 τοῦ
815 3613 967 3696 Αἴαντος
977 3612 1090 3702 μόνου.
1112 3609 1156 3684 οῦ
1174 3612 1234 3703 γὰρ

134 3725 291 3808 τοιοῦτός
313 3729 399 3796 ἐστιν
422 3726 440 3797 6
468 3721 582 3816 καιρὸς
608 3726 693 3798 ὥστε
720 3728 921 3819 σοφίζεσθαι
948 3732 1001 3797 καί
1029 3729 1091 3809 τοῖς
1120 3724 1234 3818 φωνὰς

228 3924 241 3975 1
260 3917 311 3978 0er
329 3922 415 3978 schol.
434 3922 489 3979 OT.
500 3926 562 3980 261.

227 4015 338 4072 fidem
358 4017 481 4073 fabulam
500 4017 671 4074 extendendi
689 4017 814 4074 studium
831 4018 963 4090 Sophocli
982 4019 1136 4088 exprobrat
1154 4017 1234 4073 eoho-

134 4110 219 4166 liuta
237 4113 274 4167 sd
289 4112 333 4167 Δί.
352 4129 378 4169 v.
391 4115 469 4168 1123.

212 4208 246 4261 14
262 4211 300 4268 εἰς
316 4209 384 4262 θεοῦ
401 4208 459 4272 m,
481 4209 558 4278 quod
575 4207 714 4264 inutiliter
731 4209 760 4263 in
778 4213 816 4270 εἰς
832 4203 903 4265 θεόν
921 4209 1042 4264 mutavit
1061 4207 1160 4262 Elmsl.

206 4304 242 4358 22
260 4303 311 4359 cfr.
330 4303 417 4359 schol.
435 4304 541 4361 Electr.
560 4307 630 4360 1404
647 4323 674 4374 p.
689 4307 731 4362 89.
845 4341 848 4350 ·

208 4405 244 4456 16
260 4397 321 4456 ἀντὶ
336 4403 384 4456 τοῦ
400 4398 507 4458 ἀνελεῖν
522 4402 586 4457 εδδ.
604 4401 637 4458 G.
