2994 5018
677 373 718 440 83

152 554 307 639 πιιρὸκαι
326 549 394 624 ταῖν
414 545 563 642 Ἀχαιῶν,
595 557 650 623 καὶ
677 552 784 637 σύκοις
805 553 948 643 ἔπραξαν
966 553 1053 627 uiuus
1078 550 1188 644 ύλύγου
1209 553 1265 624 ια’

151 659 280 728 ἐναντία
303 659 505 754 συμβῆναιῆ
525 661 734 748 ἐβαυλιύιυυς
765 665 820 731 καὶ
845 663 884 733 τύ
913 663 1047 752 κώλυμα
1068 659 1152 734 dat
1173 691 1250 754 μη·

146 769 285 854 χανῆς.
308 763 409 856 ἦήὰρ
432 762 559 858 Ἀθηνᾶ
581 762 730 838 ἐκώλυεν·
753 769 825 840 ἔστι
845 771 882 842 δὲ
902 765 1065 860 ύποίητσν
1084 771 1124 840 τύ
1146 770 1249 861 μηχύ-

148 899 235 962 νημα
257 873 350 944 λύσιν
368 869 475 958 ἄλλως
497 877 528 947 si
549 875 594 969 μὴ
623 879 660 964 ἐξ
684 873 791 949 αύτού
818 885 878 948 τοῦ
905 878 1030 968 μύθου.
1060 884 1142 973 φησὶ
1170 879 1247 950 ott

143 975 376 1073 Ἀριστοτέλης
397 983 571 1074 ποιητικὸν
591 989 652 1073 μὲν
675 983 758 1057 εἶναι
779 987 818 1058 τύ
842 977 1020 1076 μιμεῖσθαι
1038 991 1080 1058 τὰ
1102 987 1247 1062 εἶκύτυι81

144 1092 308 1180 γίνεσθαι,
329 1095 383 1162 καὶ
403 1101 553 1184 ποιητῶν
571 1099 699 1184 μᾶλλον
719 1095 759 1167 τὸ
779 1095 950 1180 κινδύνους
963 1098 1183 1192 παρεισάγειν.
1203 1099 1246 1170 εἰ·

144 1201 205 1280 κὸς
226 1202 263 1269 δὲ
283 1205 350 1270 κτλ.
362 1209 398 1272 ⁸².
430 1207 527 1273 reete
544 1208 694 1274 scholion
714 1210 948 1296 interpretatus
969 1220 1020 1277 cst
1043 1209 1081 1278 R.
1103 1197 1246 1292 Wachs'·

146 1311 292 1377 muthius
316 1313 337 1378 l.
360 1314 382 1378 1.
405 1337 436 1402 p.
449 1315 488 1379 31
523 1315 721 1382 Aristotelea
750 1327 934 1406 iuterropat
963 1342 1021 1384 aar
1044 1319 1246 1406 Aqomemao

145 1419 297 1486 Ασλαισι
317 1421 401 1486 odeo
421 1436 520 1488 tentet
541 1438 579 1490 ut
600 1427 633 1490 s'a
655 1449 794 1492 ι-ιυκνκαι
818 1430 986 1514 ααηκιλὶαι
1001 1431 1118 1509 nunaut,
1140 1450 1245 1515 porro

146 1529 326 1616 opprobrio
350 1532 451 1615 ducit,
477 1533 565 1622 quod
586 1531 767 1619 difficultas
790 1536 930 1621 ortt'ficio
944 1537 1156 1624 praecidatur
1166 1559 1246 1626 poe-

146 1651 200 1702 tae
221 1661 289 1703 που
309 1640 411 1707 licito.
457 1640 520 1707 nisi
542 1643 685 1729 genuina
714 1645 894 1711 sunt'haoc
917 1645 1244 1734 Aristotelis'apore·

143 1755 243 1831 mata,
262 1758 388 1836 repeto,
410 1759 460 1815 sat
478 1749 562 1816 bone
574 1762 740 1818 versatum
756 1753 857 1820 fuisse
869 1755 924 1840 qui
937 1777 976 1820 ea
986 1764 1198 1841 componeret
1209 1755 1244 1819 in

143 1857 338 1926 Aristotelis
350 1859 540 1950 philosophi
554 1861 657 1945 libris,
680 1885 756 1928 nam
775 1885 858 1948 quae
873 1863 907 1929 in
919 1864 991 1930 ΑΡ.
1004 1864 1044 1928 15
1054 1885 1086 1948 p.
1096 1863 1192 1928 1454*
1202 1862 1243 1942 37

145 1967 189 2032 de
212 1967 400 2035 adhibendo
428 1969 490 2035 deo
515 1993 558 2036 ex
580 1970 731 2038 machina
753 1972 1000 2060 praecipiuntur
1021 1971 1064 2036 ad
1088 1971 1241 2036 amussim

143 2097 219 2142 cnm
241 2076 367 2143 scholio
390 2075 448 2143 illc
480 2078 680 2144 conveniunt
708 2075 851 2167 φανερὸν
873 2066 931 2146 υύν
950 2073 1012 2146 ὅτιΙ
1028 2078 1082 2146 καὶ
1103 2074 1165 2157 τοὶς
1185 2073 1241 2144 λύ-

141 2206 213 2264 σεις
231 2187 299 2250 τῶν
320 2180 441 2268 μύθων
462 2184 499 2268 ἐξ
517 2177 626 2252 usitati
651 2188 704 2253 δεῖ
729 2190 790 2254 τού
819 2182 935 2270 μύθου
966 2186 1156 2272 συμβαίνειν
1186 2187 1240 2253 καὶ

141 2287 188 2380 μη
213 2287 328 2378 ὥσπερ
351 2292 386 2360 ἐν
403 2297 443 2384 τῇ
462 2294 596 2383 Μηδείην
618 2291 685 2361 ἀπὸ
707 2299 851 2383 μηχανῆς
872 2275 926 2362 καὶ
949 2295 983 2364 ἐν
1003 2299 1043 2386 τῇ
1064 2287 1173 2363 'liuddo
1197 2293 1240 2364 τοὶ

141 2400 223 2486 περὶ
245 2400 304 2468 σύν
326 2393 514 2470 οἷπύπλυυν.
558 2425 624 2470 non
650 2403 861 2489 cogitandum
883 2425 956 2470 esse
978 2426 1053 2470 cum
1077 2404 1238 2472 Graefen-

142 2510 265 2578 hahuio
290 2521 323 2576 et
336 2511 518 2578 Wolclrero
541 2513 582 2578 de
605 2513 774 2598 tragoedia
794 2513 932 2600 quadem
952 2508 1045 2592 Ἰλιάς
1060 2515 1236 2597 nominata,

141 2629 223 2706 puto
246 2619 298 2702 iis,
320 2642 403 2706 quse
427 2619 468 2685 dc
491 2621 676 2688 notionibus
692 2621 881 2706 tragoediae
893 2622 1237 2709 propriisiucarmino

142 2728 322 2795 Homerica
345 2730 508 2797 translatis
532 2729 611 2813 dixi,
640 2741 733 2797 extra
761 2751 891 2796 omnem
918 2730 1155 2796 dubitationem
1177 2752 1237 2817 po—

139 2837 240 2904 situm
257 2859 340 2904 esse.

240 2947 333 3013 Haec
355 2947 524 3015 sufficient
552 2946 594 3013 ad
619 2948 764 3015 indolem
794 2957 1011 3034 naturamque
1034 2946 1239 3012 observatio-

122 3045 237 3139 ·num,'
255 3078 338 3142 quae
360 3055 403 3122 ad
422 3067 525 3124 artem
550 3057 712 3148 poeticam
736 3067 922 3146 spectantes
952 3057 986 3122 in
1014 3054 1149 3122 scholiis
1169 3055 1239 3121 Ho-

139 3163 309 3232 mericisss8
332 3165 555 3248 inveniuntur,
578 3173 670 3248 recte
689 3166 934 3232 aestimandam.
977 3187 1101 3254 paucae
1130 3175 1237 3247 notae,

239 3317 272 3370 81
292 3311 396 3370 matra
414 3315 529 3386 scripsit
549 3315 777 3372 Wsebsmuthius
795 3317 851 3373 tl.
870 3334 897 3387 p.
913 3318 955 3372 32.
985 3309 1103 3373 ιλιιθύτα
1120 3315 1151 3370 Β.
1180 3331 1238 3370 nou

138 3397 484 3481 attulitWochsmuthids‚
502 3429 558 3483 quo
569 3411 727 3468 emendatio
740 3416 819 3468 carta
829 3411 966 3480 redditur,
985 3410 1133 3482 Porphyrii
1150 3411 1238 3466 verba

137 3525 165 3577 p
179 3509 228 3562 51·
241 3509 275 3562 31
299 3503 437 3580 ὅτανγὰρ
455 3505 501 3563 διὰ
518 3511 574 3565 τῶν
590 3501 737 3564 εἰκότων
753 3505 879 3580 γίγνηται
899 3509 968 3578 (soil.
986 3507 1003 3576 ἠ
1021 3503 1115 3574 λύσις),
1134 3501 1167 3560 ού
1184 3527 1238 3580 μη·

134 3600 210 3675 χανὴ
226 3603 298 3658 τοῦτ’
315 3606 399 3673 ἐστὶν,
420 3603 470 3679 ἅμ’
488 3601 533 3662 ὅτε
553 3601 692 3678 πρόκειται
714 3601 788 3666 sads.

237 3699 424 3770 σκευασίαι
449 3701 564 3758 Homeri
592 3701 726 3767 defensio,
755 3719 790 3756 ax
817 3717 872 3772 qua
892 3698 1073 3756 memoranda
1100 3716 1127 3769 p.
1138 3701 1187 3754 tl·
1201 3701 1237 3753 28

135 3794 226 3850 Bekk.
242 3789 303 3868 ἅμα
322 3796 355 3850 δὲ
379 3794 395 3850 ὁ
422 3793 534 3864 ποιητὴς
558 3793 732 3867 ἀγαπᾶσθαι
755 3777 889 3863 πεποίηκε
916 3792 967 3850 τὸν
982 3779 1132 3866 ἀκροατήν·
1156 3789 1234 3849 τότε

134 3890 191 3963 γὰρ
207 3887 342 3962 ἀποβῆναι
363 3896 409 3946 καὶ
425 3890 457 3948 τὸ
475 3887 559 3948 πάλιν
576 3896 614 3954 εἰς
630 3889 720 3964 ὀρθὸν
734 3894 826 3948 ἐλθεῖν
843 3890 983 3964 τραγικὸν,
1001 3891 1105 3945 καὶτοῦ
1119 3891 1232 3959 ποιητοῦ

135 3987 251 4057 ἐπιβολὴ
268 3990 388 4059 amnas.
406 3987 423 4056 ἠ
443 3988 476 4044 δὲ
493 3985 568 4049 λύσις
585 3983 635 4043 oria
653 3984 710 4043 ιἰπό
728 3989 862 4061 μηχανῆκζ

237 4085 271 4139 83
288 4083 371 4151 Quod
390 4085 421 4138 in
438 4084 530 4155 poetis
548 4085 664 4155 tragicis
681 4083 818 4152 affectavi,
844 4088 877 4138 ut
895 4084 925 4138 in
947 4082 1128 4154 reliquiarum
1150 4082 1234 4138 colie-

135 4179 232 4236 cuono
254 4181 369 4236 omnia
395 4197 465 4250 quae
493 4173 645 4253 supersunt
673 4181 921 4250 grammaticorum
938 4179 1041 4235 iudicia
1057 4178 1177 4247 ederem,
1204 4178 1235 4234 id

133 4278 165 4340 iu
181 4277 305 4334 Homero
322 4277 450 4348 pius-ibus
467 4278 502 4333 de
519 4279 610 4334 causis
627 4278 685 4333 non
701 4277 982 4340 neocesariensium,
1000 4291 1087 4347 quare
1103 4278 1234 4330 uommm

134 4372 345 4430 Homericamm
363 4373 514 4444 specimina
532 4378 642 4428 tautum
659 4372 706 4428 hic
724 4373 784 4428 iilic
799 4374 828 4428 in
847 4372 1075 4428 annotationibus
1089 4368 1213 4425 exhibui.
1228 4443 1235 4456 ¹
