2994 5018
670 367 730 432 107

133 558 211 624 καί·
223 553 281 644 γὰρ
303 558 464 642 βασιλέως
486 553 632 644 θυγάτηρ
653 556 722 624 ἐστὶ
743 555 798 622 καὶ
818 549 895 642 γυνή
912 553 1085 638 -βασιλέως
1104 555 1163 619 τοῦ
1186 543 1247 616 'loi-
1314 637 1317 641 Ι

134 690 255 750 σονος,
276 667 331 748 καὶ
354 661 452 751 σώζει
470 663 509 735 τό
528 658 659 752 εόγενές
681 662 844 757 φρόνημα.
876 667 1035 752 μηδαμῶς
1055 661 1091 730 δέ
1111 653 1246 745 θαυμά-

136 799 282 862 σωμεν,
298 775 328 846 εί
349 777 530 862 Κορίνθιαι
561 766 665 861 οὖσαι,
688 777 763 844 δέον
788 780 836 863 τῷ
866 777 929 841 τοῦ
960 771 1125 856 Κρέοντος
1154 767 1247 854 μέρει

136 885 376 970 προσθέσθαι,
398 882 516 974 ταύτην
537 882 703 971 αἱροῦνται
724 880 948 972 συγκρύπτειν.
988 876 1163 964 ἐλεύθεραι
1182 872 1245 964 γάρ
1295 933 1297 941 ,

138 982 244 1061 οὖσαι
263 991 301 1062 τό
322 989 565 1078 παριστάμενον
586 993 699 1074 αὐτοῖς
720 994 845 1060 δίκαιον
866 993 1082 1079 προτιμῶσιν.
1129 982 1274 1054 ἔπειταδ

134 1105 202 1169 καί
220 1096 273 1170 άεί
293 1097 311 1170 ό
333 1100 432 1189 χορός
451 1103 485 1170 ἐν
504 1099 681 1190 προσώπῳ
700 1106 763 1170 τοῦ
782 1103 927 1188 ποιητοῦ
948 1094 1109 1184 εἰσάγεται
1129 1098 1176 1185 τῷ
1198 1095 1245 1162 δι-

138 1211 231 1299 καίιμ
255 1193 527 1296 προστιθέμενος.

207 1322 286 1390 ni.
312 1324 370 1388 158
401 1322 506 1388 καίτοι
535 1322 667 1407 σμικροί
693 1315 879 1407 μεγαίλωντ.
900 1313 986 1384 πάνυ
1016 1311 1201 1404 αἰδημόνως
1228 1313 1246 1383 ό

140 1426 248 1514 χορός
263 1430 435 1516 ἐξελέγχων
454 1422 649 1517 τ’ἡνάδικίαν
661 1425 892 1520 τῶνἙλλήνων
914 1421 953 1495 οδ
974 1431 1073 1494 τοῦτο
1097 1417 1246 1510 άντικρυς

141 1538 268 1622 ἐποίει,
292 1531 377 1606 α’λλδ
391 1540 499 1623 ψιλαῖς
518 1540 729 1625 γνωμολογεῖ.
749 1534 903 1623 βούλεται
923 1534 982 1624 γάρ
1006 1537 1174 1620 ἐπιτιμᾶν,
1195 1529 1247 1602 ότι
1262 1545 1295 1598 10

140 1651 256 1726 κακῶς
287 1643 472 1732 πράττουσι
503 1651 740 1732 καθαιροῦντες
774 1643 832 1712 τόν
865 1641 999 1712 Αἴαντα
1031 1645 1088 1712 καί
1118 1641 1248 1722 ἑαυτοῖς

141 1731 361 1844 ἆσυμῖνόεωε·
409 1773 415 1782 ·

232 1865 276 1931 ib.
299 1864 356 1928 141
391 1901 428 1912 -
456 1868 611 1942 πιθανῶς
639 1863 675 1932 δέ
705 1859 764 1931 οόκ
796 1863 915 1950 ἐλέγχει
951 1858 1009 1929 τόν
1042 1861 1177 1945 βασιλέα
1202 1859 1265 1940 ώς·

144 1968 356 2060 ἡμαρτηκότα
382 1965 466 2040 οἷλλδ
485 1970 546 2060 την
566 1973 767 2060 δυσπραγίαν
793 1972 997 2059 προσέλαβεν
1023 1969 1069 2050 ώς
1095 1963 1166 2039 οίπδ
1189 1973 1247 2059 τῆς

145 2077 352 2168 εἱμαρμένης.
386 2077 471 2148 πάνυ
494 2082 529 2149 δὲ
550 2074 638 2149 εόνοι
659 2073 751 2162 όντες
771 2075 952 2149 ἀπιστοῦσι
974 2080 1029 2146 καὶ
1053 2076 1249 2164 όπολαμβά·
1261 2095 1294 2146 15

147 2212 242 2256 νουσι
264 2182 362 2256 αότόν
384 2186 452 2258 διεδ
472 2193 536 2256 τοῦ
558 2182 680 2276 ἐχθροῧ
703 2193 1022 2278 σεσυκοφαντῆσθαι.
1043 2187 1077 2256 ἐν
1097 2188 1162 2255 δέει
1188 2175 1247 2255 οόν

144 2297 345 2384 καθέστηκα,
368 2294 446 2364 όταν
466 2285 487 2389 ᾗ
505 2323 538 2367 τι
556 2301 688 2366 τοιοῦτο
709 2299 788 2383 περὶ
807 2297 853 2366 σέ.

232 2406 355 2474 Electr.
380 2408 440 2474 126
462 2403 496 2474 εί
514 2433 572 2492 μοι
595 2407 694 2492 θέμις
714 2403 787 2475 τάδ’
810 2401 927 2474 αόδᾶνε
961 2407 1034 2473 λίαν
1056 2401 1204 2492 αἰδημών
1227 2402 1245 2472 ό

148 2512 260 2600 χορός,
281 2509 318 2596 ὃς
339 2515 396 2582 ἐπί
416 2512 474 2583 τόν
482 2511 656 2603 Α’ίγισθον
677 2515 792 2602 τρέπει
813 2513 872 2603 τὴν
891 2514 1004 2596 αἰτίαν,
1031 2555 1069 2564 -
1082 2516 1157 2582 ἐπεὶ
1176 2516 1246 2580 κατ’

146 2617 315 2708 ἀρχόντων
334 2617 470 2712 δ’λόγος
490 2620 511 2713 ἢ
532 2626 606 2694 ἐπεὶ
629 2627 721 2692 δοκεῖ
742 2626 935 2715 δυσφημεῖν,
958 2624 1048 2712 φησί·
1071 2621 1101 2692 εί
1123 2620 1295 2692 δίκαιόν20

148 2733 238 2802 ἐστιν
262 2729 366 2808 οὕτως
388 2724 538 2818 εόχομαι.

232 2843 274 2909 ib.
294 2845 352 2909 199
376 2836 435 2910 εἶτ’
459 2833 519 2911 οὖν
539 2840 638 2923 θεόςε
660 2839 746 2909 πάνυ
768 2840 952 2931 αἰδημόνως
973 2840 991 2910 ό
1013 2843 1114 2930 χορός
1127 2840 1168 2911 τό
1188 2842 1248 2928 μέν

149 2953 283 3036 πρᾶγμα
299 2949 399 3038 Ιλέγει,
421 2949 498 3032 τοδς
522 2952 559 3018 δέ
579 2950 767 3038 πράξαντας
791 2945 849 3019 οόκ
872 2953 1000 3039 ἐλέγχει.
1076 2979 1078 2986 ’

233 3062 276 3126 ib.
300 3063 362 3126 610
380 3099 423 3110 ·-
445 3054 656 3148 εόσχημόνως
687 3061 723 3128 δὲ
745 3062 778 3142 ἐς
797 3058 855 3149 τὴν
877 3057 1166 3152 Κλυταιμνήστραν
1190 3061 1248 3128 τόν

149 3163 245 3254 λόγον
268 3161 489 3237 δποτείνουσι.
694 3201 700 3207 “
976 3166 978 3174 ’
1189 3259 1191 3264 ,
1260 3177 1294 3228 25

240 3339 257 3391 6
274 3337 380 3392 Phoen.
401 3339 469 3392 1764
486 3335 502 3390 ό
520 3333 606 3408 χορὸς
625 3339 656 3391 ἐκ
674 3334 826 3409 προσώπου
844 3340 891 3392 τοῦ
909 3339 1030 3406 ποιητοῦ.
1061 3339 1167 3404 Ainesi.
1183 3339 1246 3397 962.

240 3435 309 3490 ede
330 3435 484 3500 sacerdote,
505 3435 553 3504 qui
573 3452 667 3504 regem
677 3435 814 3506 Oedipum
833 3436 1004 3492 adhortatur
1021 3455 1047 3491 v.
1058 3437 1093 3490 49
1113 3432 1198 3508 ἀρχῆς
1214 3436 1247 3490 δὲ

148 3533 195 3599 τῆς
213 3533 262 3596 σῆς
278 3532 417 3604 μηδαμῶς
433 3527 618 3603 μεμνώμεθα,
641 3526 751 3591 στάντες
770 3532 793 3586 τ’
805 3533 832 3593 ἐς
850 3529 939 3603 ὀρθόν
959 3537 1004 3586 καὶ
1023 3527 1155 3594 πεσόντες
1173 3527 1248 3586 ὓστε-

149 3646 199 3696 ρον
225 3626 375 3681 eoholieste
402 3627 483 3682 haee:
513 3620 586 3684 πάνυ
604 3628 635 3682 δὲ
657 3621 815 3704 αἰδημόνως
833 3623 882 3682 οὐκ
899 3629 984 3696 εἶπεν,
1002 3624 1044 3682 ὅτι
1063 3624 1152 3683 οὐκέτι
1168 3621 1247 3700 τιμή-

149 3740 191 3777 σει
210 3740 241 3778 σε
258 3721 274 3792 ἡ
293 3717 379 3787 πόλις,
399 3719 465 3776 ἀλλὰ
485 3719 536 3777 σὺν
552 3724 584 3797 τῇ
603 3715 668 3796 ε’όχῇ
688 3721 719 3777 τὸ
737 3706 803 3777 ὅλον
821 3727 980 3792 κατέθηκεν,
1008 3725 1057 3779 ubi
1078 3743 1112 3778 ex
1129 3725 1247 3780 scholia-

149 3823 209 3872 stae
227 3819 338 3874 dicendi
355 3833 457 3888 genere
483 3819 660 3874 scribendum
684 3823 728 3872 est
752 3813 826 3872 πάνυ
850 3819 882 3873 δὲ
909 3817 1066 3891 αἰδημόνως
1084 3816 1132 3874 σίνε
1150 3807 1247 3874 siin-

149 3933 230 3986 κρνς
248 3915 326 3968 εἶπεν
342 3917 409 3980 κτλ,
427 3918 458 3969 σί
477 3916 506 3968 in
525 3915 580 3968 ilio'
594 3915 699 3970 scholio
717 3915 824 3970 Ai.156
842 3911 875 3986 ovi
891 3917 970 3970 τοῦτο
987 3911 1112 3988 ἄντικρυς
1128 3917 1225 3971 ἐποίει.

224 4012 256 4064 13
274 4005 400 4079 βασιλεύς
417 4010 489 4064 Aiax
507 4011 619 4066 dieitur.

273 4107 399 4165 πιθανῶς
415 4111 627 4180 -εῑμαρμένης
645 4127 720 4163 nune
740 4125 805 4164 eum
826 4108 985 4177 insequenti
1004 4109 1200 4165 observatione
1216 4110 1247 4163 in

148 4219 236 4259 unum
253 4202 378 4256 scholion
393 4207 541 4257 eonii-eoin
558 4203 595 4256 αδ
611 4221 723 4258 versum
743 4205 794 4258 137
813 4207 956 4272 epeotentt
972 4206 1003 4258 σὲ
1025 4206 1052 4256 δ’
1070 4200 1143 4259 ὅταν
1154 4199 1244 4276 πληγὴ

59 4366 63 4374 Ι
149 4294 218 4357 Διὸς
237 4327 268 4336 ω
289 4299 379 4371 ἐπιβῇ,
403 4299 481 4353 onius
500 4294 678 4372 παράφρασις
695 4300 725 4354 in
743 4298 798 4353 fine
816 4299 916 4354 seholii
933 4299 1047 4370 legitur.
1147 4331 1151 4344 ·

224 4395 256 4447 16
275 4397 535 4467 σεσυκοφαντῆσθαι
553 4395 577 4450 G
597 4397 899 4469 wxorpovreioioeffl„
956 4423 1024 4455 ’μ
1096 4428 1098 4436 ·
1157 4427 1170 4441 -
