3020 5020
142 567 373 656 superstitibus
397 588 599 654 cognoscere
615 587 798 656 possumne,
822 565 953 634 disertis
973 567 1084 634 verbis
1108 589 1173 635 non
1192 568 1239 634 di-

144 684 263 768 epntet,
285 677 320 742 id
341 685 451 752 tamen
473 674 649 742 admodum
657 674 729 741 veri
749 675 854 742 simile
876 683 1037 761 est,·eum
1062 699 1173 744 ansam
1197 676 1239 743 de

142 785 206 852 bac
226 807 270 862 re,
285 784 473 872 disputandi
494 783 732 874 posterioribus
754 783 885 852 dedisse
908 784 1140 868 grammaticis·
1162 787 1238 852 Ari·

143 894 321 982 stnpbaues
350 893 499 962 notitiam
523 902 589 982 tem
609 892 795 978 argumenti
826 892 956 958 fabulae
984 914 1081 981 quam
1103 915 1240 962 scaenae

142 1023 424 1092 personarumque
455 1000 604 1090 inprimis
634 1023 675 1068 ex
697 1001 829 1066 fabulae
857 1001 997 1088 prologo
1021 1002 1138 1084 hausit,
1163 1025 1240 1094 ,eum

143 1112 208 1178 hoc
239 1110 444 1199 potissimum
472 1119 589 1199 poetae
611 1118 812 1198 spectatores
836 1110 877 1177 de
897 1109 937 1177 iis
958 1110 1058 1176 rebus
1081 1110 1240 1177 certiores

143 1220 298 1304 fecerent,
325 1241 408 1307 quse
430 1219 471 1286 sd
492 1218 753 1304 intellegendam
782 1219 912 1286 fabulae
938 1218 1101 1286 actionem
1127 1239 1240 1286 neces·

142 1330 249 1396 seriae
264 1339 382 1403 essent.
406 1350 514 1416 neque
536 1349 580 1394 ex
602 1350 667 1395 uno
683 1327 813 1414 prologi
835 1327 910 1394 loco
931 1349 970 1394 es
984 1328 1112 1396 discere
1135 1329 1241 1418 potuit

145 1437 401 1524 Aristophanes,
425 1435 485 1504 sed
512 1457 573 1524 per
604 1445 706 1504 totam
737 1435 875 1524 primam
907 1457 1059 1502 scaenam
1094 1436 1241 1524 disperse

143 1547 342 1632 conquirere
365 1547 489 1629 debuit,
510 1547 597 1612 unde
622 1545 727 1631 mythi
756 1567 892 1612 scaenae
924 1568 1139 1635 personarum
1161 1548 1240 1614 ima-

144 1657 257 1744 ginem
290 1656 351 1722 sibi
382 1664 605 1745 componeret.
656 1655 720 1722 ism
746 1656 772 1722 si
799 1655 989 1744 inspicimus
1018 1655 1152 1740 scholis,
1185 1680 1242 1723 eos

143 1767 234 1854 ipsos
255 1767 358 1851 locos,
380 1765 436 1854 qui
460 1766 537 1832 nori
557 1763 682 1853 aliquid
692 1765 734 1832 ad
746 1765 980 1832 accuratiorem
996 1766 1110 1832 harum
1131 1787 1241 1834 rerum

143 1875 370 1960 cognitionem
393 1875 541 1958 afferant,
566 1874 648 1941 mira
676 1875 815 1962 quadem
840 1872 1017 1958 diligentia
1044 1895 1105 1961 per
1137 1885 1242 1942 totum

144 1983 321 2072 prologum
344 1981 495 2052 videmus
522 1990 659 2048 notatos.
705 1979 791 2065 qnod
825 2002 885 2046 eur
912 1979 1037 2046 faceret
1066 1963 1243 2050 scholiasta

145 2113 218 2160 eam
243 2101 322 2181 puto
347 2091 448 2158 luisse
469 2113 601 2157 censam
622 2100 659 2156 ut
682 2087 728 2174 id,
752 2089 839 2177 quod
856 2089 890 2156 in
903 2099 1098 2174 argumento
1113 2089 1242 2158 Aristo·

144 2201 262 2292 phanis
285 2199 472 2289 expositum
494 2199 635 2283 rideret,
664 2198 705 2266 ad
734 2199 838 2286 ipsam
861 2198 1004 2264 tabulam
1028 2198 1242 2292 examinaret.

145 2309 278 2396 longius
301 2329 368 2376 non
390 2329 522 2394 possum
545 2307 741 2396 procedere;
765 2329 839 2374 nam
864 2307 891 2373 si
911 2315 1087 2384 constaret,
1114 2306 1242 2372 Aristo·

144 2418 289 2506 phsnem
310 2416 345 2482 in
357 2416 557 2504 Sophoclem
581 2416 688 2500 etiam,
710 2416 752 2482 ad
773 2416 866 2482 cuius
887 2417 1045 2504 prologos
1063 2416 1242 2505 pleraeque

145 2526 308 2594 dnamodi
324 2526 567 2593 observationes
587 2526 765 2614 pertinent,
788 2523 1040 2592 commentarios
1062 2525 1243 2611 scripsisse,

145 2633 258 2702 nullus
276 2633 464 2700 dubitarem
486 2634 688 2700 contendere
708 2634 748 2701 ab
770 2655 808 2700 eo
831 2633 902 2721 ipso
925 2639 1052 2700 notatos
1075 2654 1150 2700 esse
1169 2634 1244 2700 illos

147 2743 362 2830 prologorum
373 2743 474 2810 locos.
495 2742 637 2808 sufficiet
651 2764 694 2808 ex
708 2741 805 2810 unius
820 2743 933 2808 Aiacis
956 2741 1087 2808 fabulae
1109 2741 1242 2808 scholiis

147 2873 195 2933 ee,
220 2873 305 2938 quae
326 2853 390 2920 huc
412 2855 571 2939 spectant,
594 2872 771 2940 apponere.

248 2962 265 3026 1
292 2957 451 3044 πάρεστιν
479 2951 651 3038 Όόυσσεύς
682 2959 741 3026 ἐπὶ
764 2960 826 3046 τήν
859 2959 980 3047 σκηνήν
1013 2951 1163 3045 ἀγωνιῶν
1192 2959 1247 3025 καὶ

145 3071 442 3157 πολυπραγμονῶν,
464 3065 563 3157 μήτι
584 3065 656 3137 circo
679 3069 808 3156 ἐχθροῦ
829 3066 940 3158 πάθῃ.
963 3064 1072 3135 πάντα
1084 3066 1121 3136 δὲ
1134 3063 1175 3134 soi
1187 3071 1248 3155 σῆς

146 3163 405 3260 ὑποθέσεως
430 3183 695 3259 revescensis
726 3175 890 3268 ἐδήλωσεν
923 3178 957 3244 ἐν
988 3182 1035 3265 τῷ
1068 3177 1248 3264 προοιμίῳ,

146 3289 235 3374 πρὸς
252 3289 324 3356 τίνα
343 3285 362 3356 ὁ
384 3285 490 3376 λόγος,
511 3290 565 3356 καὶ
587 3293 654 3356 ποῦ
678 3284 698 3376 ἡ
719 3285 829 3376 σκηνὴ,
852 3290 906 3356 καὶ
926 3288 959 3355 ri
979 3284 1121 3373 πράσσει
1140 3279 1247 3355 Ὀδυσ-

146 3391 237 3476 σεύς.
282 3397 316 3464 ἐν
345 3397 382 3464 dd
407 3402 455 3485 τῷ
482 3393 617 3484 (πεῖράν
646 3391 728 3464 crvo’
757 3388 820 3486 ἤδη
841 3393 931 3480 ἴχνος
951 3422 983 3464 τι
1004 3396 1165 3464 κατέθετο
1188 3391 1247 3483 τῆς

148 3503 359 3590 ὑποθέσεως,
392 3501 438 3585 ὡς
465 3506 542 3592 περὶ
569 3504 693 3591 ἐχθρόν
720 3501 808 3595 ἥκει·
844 3505 958 3573 δεῖδὲ
986 3500 1094 3570 πάντα
1121 3503 1163 3570 τὰ
1189 3507 1247 3592 τῆς

148 3609 407 3693 ὑποθέσεως
425 3612 655 3682 συνεκτικὰ
677 3609 798 3682 εἶναι’
782 3641 816 3682 sr
836 3607 930 3703 α’ρχῇ.

248 3725 289 3790 23
310 3725 417 3803 καλῶς
438 3723 474 3792 δὲ
493 3727 591 3792 τοῦτο
614 3724 779 3812 ἐποίησεν,
800 3724 854 3789 ἱνα
874 3719 1176 3809 συνέχηται41”
1154 3746 1203 3788 err
1226 3718 1305 3808 ἡ

148 3826 372 3912 ὑπόθεσις
394 3833 449 3898 καὶ
469 3828 507 3899 sd
532 3822 677 3899 ἄπιστον
695 3829 742 3911 εἰς
762 3825 960 3922 οἷμφίγοοιαν
981 3820 1107 3917 dippeus

247 3921 332 4009 38
311 3955 344 4008 at
364 3947 435 4022 τοῖς
455 3935 644 4028 α’μοιβαίοις
662 3966 746 4009 κατα
737 3936 866 4028 βραχύ
882 3935 1078 4030 δηλοῦται(
1058 3967 1078 4028 η
1099 3936 1249 4006 ὑπόθε-

148 4069 232 4128 σις’
262 4046 469 4120 πυνθάνεται
491 4053 527 4118 δὲ
550 4050 607 4136 <di
628 4050 702 4118 add.
727 4051 809 4133 PG>
831 4053 977 4135 πρῶτον,
1008 4047 1038 4117 ei
1067 4040 1135 4135 dica
1164 4049 1250 4132 πρὸς

148 4153 264 4244 καιρόν
285 4162 389 4226 πονῶ·
412 4157 442 4228 ei
463 4155 523 4247 γὰρ
544 4152 643 4289 aqicdg
656 4136 848 4228 dcrrrd
811 4183 869 4226 ιον
888 4155 993 4248 φόνον
1010 4154 1140 4243 δράσας,
1163 4153 1251 4240 πρὸς

121 4289 264 4379 =ssrpor
284 4259 327 4332 dir
242 4261 400 4380 *riq
421 4271 535 4336 πονῶν
558 4290 577 4334 o
567 4259 782 4346 ‘orsaorsa

258 4398 318 4456 41”
317 4410 364 4458 [νει
382 4406 523 4476 συνέχηται
544 4401 593 4457 Fe
611 4401 749 4457 litterae
742 4419 771 4456 m
790 4401 813 4455 L
832 4399 1021 4454 oblitteratae.
