2994 5018
646 348 706 415 109

110 518 311 608 πυθόμενοι
330 529 445 592 ταῦτα.
481 522 520 592 τά
544 514 631 613 ἦθος
651 523 831 616 ἐμιμήσατο
853 531 920 594 τῶν
940 521 1142 617 ἀφεστώτων
1160 531 1218 617 τῆς

110 631 232 714 οἰκίας·
250 629 375 702 ὁπόταν
395 634 454 722 γάρ
475 635 627 723 δυσχερές
646 660 678 704 τι
698 628 828 727 ἀπαντᾷ
848 637 1035 723 μακαρίζειν
1056 632 1217 706 εἰώθασιν
1323 693 1326 702 .
1348 679 1353 691 ·

109 737 176 823 τὰς
197 742 368 830 πατρίδας.

133 864 137 870 ’
204 850 273 920 OT.
296 855 359 920 463
378 845 552 922 ἀκόλουθά
576 849 705 922 ἐστιτὰ
727 858 786 922 τοῦ
807 859 908 940 χοροῦ
930 852 1017 941 πρὸς
1038 851 1080 921 τά
1100 879 1218 940 προει-

111 961 250 1050 ρημένα.
271 966 330 1028 νῦν
351 961 388 1030 δέ
403 956 466 1031 οιίκ
490 961 580 1031 ἔστιν
598 956 716 1044 αὐτοῖς
727 957 1245 1052 εάπρόσωπονάυαλογίζεσθαιο

108 1071 198 1159 περί
218 1058 266 1138 ῶν
285 1064 381 1140 εἶπεν
403 1068 421 1141 o‘
440 1068 563 1158 μάντις.
592 1069 644 1142 διὸ
667 1067 897 1159 ἀνατρέχουσιν
916 1073 974 1141 ἐπί
992 1069 1031 1142 τὸ
1050 1069 1217 1160 μάντευμα
1277 1089 1282 1098 ’

110 1184 177 1248 τοῦ
197 1185 297 1249 θεοῦ.

131 1355 146 1388 ‚
200 1289 361 1357 Ai.1205
382 1327 423 1336 -
450 1279 586 1372 άκαιρον
615 1288 675 1375 μέν
704 1291 783 1378 περί
810 1288 940 1378 ’έρωτος
966 1295 1155 1379 μεμνῆσθαι
1182 1290 1216 1359 έν

111 1402 190 1478 τοῖς
208 1403 379 1485 παροῦσιν,
416 1394 507 1485 ὅμως
536 1402 577 1467 δι’
600 1391 804 1468 ἀκολουθίαν
831 1401 889 1489 τὴν
910 1397 997 1488 πρὸς
1018 1397 1059 1467 τὰ
1080 1402 1217 1487 προκεί-

113 1532 200 1592 μενα
219 1511 317 1576 τοῦτο
338 1513 441 1576 ποιεῖ.
1230 1515 1264 1566 10

123 1677 126 1682 ,
202 1618 320 1686 Τεεοίι.
341 1619 403 1684 497
424 1619 506 1705 μέγα
524 1642 557 1686 τι
577 1618 714 1698 σθένοςι
735 1638 773 1670 -2-
786 1613 923 1698 εἰκάτως
944 1615 963 1686 ὁ
986 1615 1084 1706 χορὸς
1105 1614 1216 1687 τοιαύ-

112 1751 175 1814 την
194 1719 301 1815 ἀρχὴν
322 1728 520 1816 πεποίηται·
544 1728 711 1796 πέπαυται
734 1725 793 1815 γὰρ
818 1728 836 1795 ὁ
858 1726 954 1816 λόγος
976 1731 1055 1816 περί
1079 1727 1213 1816 έρωτσς.

201 1836 371 1904 Ευιο.490
390 1834 410 1925 ἦ
431 1837 491 1922 μὲν
511 1831 638 1925 Ἀθηνᾶ
658 1831 815 1922 ἀπῆλθεν
836 1830 1030 1925 εάτρεπίσαι
1051 1834 1213 1918 δικαστάς,

115 1940 193 2013 άδέ
213 1934 360 2033 Ὀρέστης
392 1940 550 2013 ἱκετεύων
578 1945 679 2030 μένει,
714 1941 749 2012 αἱ
777 1945 813 2014 δέ
836 1940 1215 2037 Ἐρινύεςφρουροῦσιν

115 2045 225 2121 αὐτόν.
247 2054 346 2139 μέλος
366 2055 403 2122 δέ
425 2052 548 2122 οἰκεῖον
567 2045 683 2144 άάουσι
705 2059 745 2144 τῇ
769 2051 892 2122 ἑαυτῶν
913 2055 1114 2143 προαιρέσει.
1229 2058 1261 2111 15

198 2162 324 2231 Phoon.
348 2163 429 2230 1019
452 2159 530 2247 έβας
552 2160 646 2247 έβαςι
681 2159 767 2249 πρὸς
795 2155 889 2232 oddar
916 2168 1025 2231 ταῦτα
1055 2161 1124 2258 ἔδει
1151 2159 1214 2250 γάρ
1266 2215 1270 2222 .

112 2267 174 2338 τάν
192 2267 292 2358 χορὸν
312 2268 523 2340 οἰκτίσασθαι
542 2268 602 2340 τάν
621 2268 767 2341 θάνατον
788 2277 858 2355 τοῦι
874 2273 1067 2353 Μενοικέως
1087 2266 1109 2360 ἢ
1128 2265 1213 2340 ἀπο-

115 2382 273 2465 δέχεσθαι
292 2377 353 2468 τήν
372 2373 535 2468 εὐψυχίαν
555 2386 619 2448 τοῦ
640 2383 818 2451 νεανίσκου.
857 2377 942 2450 α’λλά
959 2382 1001 2451 τοί
1025 2383 1104 2469 περί
1126 2379 1216 2450 oldi-

115 2515 184 2560 που
204 2492 259 2558 καί
280 2494 340 2579 τῆς
360 2487 502 2581 Σφιγγὸς
521 2491 679 2579 διηγεῖται
700 2488 742 2559 τά
764 2487 923 2572 πολλάκις
941 2490 1103 2580 εἰρημένα.

199 2602 256 2668 Αἰ.
269 2601 350 2667 1418
372 2597 502 2679 οἰκείως
525 2597 592 2682 ἔχει
608 2605 682 2680 τοῖς
699 2593 1021 2689 ἀπαλλαχθήσεσθυιι
1040 2601 1214 2685 μέλλουσιν
1226 2608 1262 2661 20

115 2704 136 2797 ἡ
156 2709 325 2776 τελευταία
345 2704 466 2797 γνώμη,
487 2703 540 2777 ὅτι
560 2704 701 2778 πλεῖστά
720 2709 789 2778 ἐστι
810 2714 883 2791 τοῖς
892 2703 1087 2797 ἀνθρώποις
1097 2714 1214 2797 γνῶναι

117 2819 169 2888 ἐπ’
192 2813 387 2908 αάτῶντῶν
411 2812 612 2906 πραγμάτων
629 2819 815 2904 γινομένων.
847 2819 1024 2909 προμηθίᾳ
1044 2819 1081 2887 δέ
1099 2811 1214 2888 ἀδάνα·

116 2952 175 2994 τον
201 2921 467 3014 χρήσασθαικαὶ
494 2922 751 3012 μαντεύσασθαι,
781 2923 801 2994 ὅ
821 2950 854 2994 τι
876 2926 960 2994 ποτέ
980 2920 1214 3016 ἀποβήσεσθαι

116 3036 236 3121 μέλλει.
256 3039 362 3102 ταῦτα
383 3037 420 3104 δέ
441 3031 509 3121 άμα
528 3035 675 3119 λέγοντες
694 3035 935 3122 προπέμπουσι
948 3031 1009 3104 τὸν
1028 3035 1142 3122 νεκρὸν
1161 3037 1215 3104 καί

116 3145 236 3233 γίνεται
260 3143 376 3229 έξοάος
397 3143 573 3231 πρέπουσα
594 3147 642 3233 τῷ
663 3140 821 3233 λειψάνιμ.
968 3133 974 3140 ’
1227 3155 1261 3208 25

200 3255 244 3322 ib.
256 3254 318 3326 693
341 3251 447 3345 ἐ’φριξ“
463 3251 578 3340 έρωτιτ
600 3255 710 3342 χρείας
730 3253 824 3322 ἕνεκα
844 3249 1036 3352 τὸιχσρικὸν
1056 3257 1112 3322 νῦν
1132 3277 1215 3341 παρ·

117 3364 276 3452 είληπται·
297 3359 493 3448 ἐξελθόντος
513 3361 573 3452 γὰρ
585 3359 807 3444 τσῶΑἰίιντος
828 3361 896 3433 ἔδει
914 3361 1020 3452 βραχά
1041 3359 1216 3450 διάλειμμα

206 3603 225 3656 6
242 3596 440 3674 ἀνατρέχουσιν
457 3599 482 3656 G
498 3596 642 3674 ἀνατρέχει
659 3601 683 3655 L
700 3604 850 3672 utrumque
868 3605 953 3657 τεοίε.

207 3699 225 3752 9
242 3693 321 3770 ὅμως
337 3697 375 3752 δι’
392 3694 560 3753 ἀκολουθίαν
581 3693 631 3765 τὴν
656 3695 726 3770 πρὸς
745 3694 779 3753 τά
802 3703 971 3772 προκείμενα
994 3698 1073 3752 τοῦτο
1096 3695 1212 3754 ποιεῖθ’
1333 3758 1339 3772 x

118 3798 163 3848 καί
181 3789 349 3851 ἀκολουθίαν
365 3794 389 3850 Ῑι
406 3795 465 3849 κατ’
484 3790 653 3850 ἀκολουθίαν
670 3793 841 3851 ΘἭοΙίίίαε
860 3797 892 3850 ἀι
910 3798 1003 3850 τοίιοίί.
1024 3797 1107 3850 Later.
1126 3810 1155 3863 p.
1171 3795 1212 3850 16.
1234 3815 1240 3826 ·

242 3889 547 3948 ofr.sohol.Prom.561
567 3889 657 3962 τὸτῆς
671 3889 739 3954 Ἰοῦς
756 3886 916 3948 ἐπεισόδιον
933 3891 1059 3965 μονωδεῖ
1073 3890 1137 3963 μὲν,
1158 3891 1215 3963 ἔχει

119 3989 150 4044 δὲ
179 3984 248 4061 πρὸς
275 3985 307 4043 τὸ
334 3985 520 4062 ὑποκείμενον
546 3989 677 4062 συναφὲς,
704 3983 746 4044 ὅτι
775 3983 937 4062 μαντεύεται
966 3983 1031 4062 αίιτῇ
1061 3986 1076 4042 ὁ
1100 3994 1215 4058 Προμη-

120 4081 188 4150 θείις,
210 4080 253 4138 ὅτι
270 4081 319 4140 ἀπ’
339 4081 420 4153 αὐτῆς
438 4087 515 4140 ἔσται
532 4081 579 4156 ιγ’,
604 4082 635 4148 ὃς
651 4081 724 4156 αἰετῷ
739 4079 834 4158 χρόνῳ
853 4086 996 4157 ίτταμυνεῖ.
1014 4077 1104 4143 άλλως
1119 4099 1148 4138 τε
1167 4086 1214 4136 καί

120 4179 183 4251 αἰτίη
200 4178 255 4238 ἀπὸ
273 4177 342 4243 Διάς
360 4199 448 4256 φησιν
465 4179 615 4251 ἠδικῆσθαι
635 4187 682 4237 καὶ
699 4179 746 4237 άιά
762 4183 841 4237 τοῦτο
858 4185 1062 4254 παραμυθεῖται
1079 4175 1130 4236 τὸν
1138 4184 1213 4251 Προ·

121 4283 218 4354 μηθία.

150 4427 154 4436 ,
187 4378 222 4432 22
238 4380 397 4450 γινομένων
414 4375 440 4431 R
456 4375 503 4433 Br.
523 4379 682 4450 γινομένοις
698 4375 722 4432 L
741 4370 877 4449 γινόμενα
895 4374 929 4433 V.
