3020 5020
795 325 837 394 58

235 568 240 577 ,
265 515 358 582 λοιόο
379 514 434 582 καὶ
454 506 578 599 όσεμνὰ
600 514 695 582 ἐστιν.
718 513 789 579 τίνα
808 510 867 600 γὰρ
889 509 985 599 λόγον
1006 509 1045 580 dv
1066 510 1364 604 iqotddsodntsdr

266 621 460 694 Ἀπόλλωνα
480 633 552 708 τοῖς
572 621 785 714 ὀρθιάζουσιν
806 617 912 708 όνοις,·

366 738 556 805 Clarissimo
578 748 712 827 apparet
738 738 994 831 Aristophanem
1017 741 1104 804 inter.
1127 749 1159 806 et
1177 739 1362 828 Didymum

265 846 460 913 iudiciorum
475 868 664 930 consensus,
674 846 730 911 ubi
744 846 942 924 examinans,
956 870 1032 914 num
1042 857 1118 935 apta
1131 848 1195 916 sint
1207 871 1363 937 persona·

267 978 336 1020 rum
346 955 490 1021 moribus
503 955 721 1044 ingeniisque,
730 976 813 1040 quae
826 965 926 1041 agant
936 954 1099 1022 dicantus.
1111 957 1151 1022 de
1161 957 1363 1024 Hermionae
1473 1007 1474 1010 κ

266 1063 463 1153 Euripideae
477 1063 622 1130 oratione
640 1063 841 1130 iudicaverat
854 1063 1093 1152 Aristophanes
1109 1064 1146 1132 ἐν
1157 1069 1205 1152 τῷ
1219 1065 1361 1152 δευτέρῳ

186 1215 207 1234 ἰ
265 1173 357 1258 μέρει
370 1175 464 1259 θῆσις
475 1168 641 1258 Ἑρμιόνης
653 1168 691 1238 τό
705 1167 873 1256 βασιλικόν
887 1169 1082 1261 ὑφαιροῦσα,
1102 1184 1135 1238 ct
1149 1184 1186 1240 ut
1201 1175 1259 1240 ille
1276 1175 1362 1262 regi·
1474 1192 1475 1195 ¹

269 1302 329 1346 nae
342 1280 437 1346 nimis
453 1280 610 1346 humilem
625 1280 836 1365 timidamque
856 1281 1034 1346 orationem
1049 1281 1223 1370 vituperat,
1246 1282 1291 1348 ito
1304 1283 1360 1350 Di-

267 1388 384 1476 dymus
407 1389 551 1476 captivae
570 1388 822 1456 Andromachae
846 1389 941 1454 nimis
967 1389 1086 1456 fortem
1121 1391 1359 1478 sublimemque

268 1498 368 1566 schol.
380 1498 458 1564 Eur.
468 1497 574 1565 Andr.
586 1497 648 1562 329
663 1497 849 1581 Δίδυμος
866 1495 1030 1586 μέμφεται
1050 1493 1181 1578 τούτοις
1202 1495 1248 1578 uic
1269 1494 1359 1584 παρὰ

269 1602 311 1674 τό
335 1601 520 1691 πρόσωπα·
557 1599 749 1690 σεμνότεροι
776 1601 840 1691 γόρ
873 1601 904 1672 oi
936 1600 1029 1693 λόγοι
1052 1601 1074 1694 ἢ
1094 1601 1176 1672 κατὰ
1197 1603 1361 1694 βάρβαρον

229 1769 235 1786 ,
266 1719 399 1800 γυναῖκα
422 1715 476 1780 καὶ
497 1715 730 1797 δυστυχοῦσαν.
754 1719 868 1782 confer
884 1725 1055 1804 praeterea
1071 1715 1174 1782 schol.
1185 1718 1290 1786 Andr.
1299 1717 1360 1784 362

268 1823 459 1908 Δίδυμος
482 1823 645 1912 μέμφεται
672 1827 755 1892 πᾶσι
780 1819 910 1904 τούτοις
931 1822 976 1904 ὠς
998 1821 1088 1910 παρὰ
1111 1822 1223 1912 καιρόν
1246 1825 1360 1893 καὶτὰ

268 1929 443 2018 πρόσωπα.
491 1943 522 1998 ct
544 1934 586 2000 ib.
600 1933 662 1998 229
692 1929 782 2019 παρὰ
803 1929 843 1999 τό
865 1929 1034 2018 πρόσωπα
1053 1933 1090 2002 δὲ
1110 1935 1164 2002 καὶ
1186 1931 1267 2016 τούς
1291 1961 1360 2002 και-

267 2038 345 2127 ροδς
365 2045 475 2108 ταῦτα·
498 2045 572 2120 πῶς
592 2038 650 2128 γὰρ
673 2035 732 2108 etia
756 2039 890 2128 ἔμελλεν
911 2040 959 2120 εἰς
980 2033 1079 2128 όργὴν
1092 2047 1293 2130 καταστῆσαι
1303 2043 1362 2132 τήν

265 2147 433 2237 Ἑρμιόνην
453 2145 536 2217 sord
560 2154 620 2236 τῆς
642 2147 766 2236 μητρός
788 2145 1014 2240 δυσφομοῦσα.

367 2260 578 2326 Perlustratis
602 2259 734 2326 scholiis
759 2283 818 2347 pro
852 2271 1036 2326 nostrarum
1060 2261 1272 2346 reliquiarum
1294 2263 1361 2328 exi-

269 2369 359 2434 litate
384 2390 450 2435 non
475 2369 596 2456 paucis,
621 2391 704 2456 quae
731 2368 917 2455 aDidymo
940 2369 1077 2436 oriunda
1099 2369 1285 2438 luculenter
1307 2371 1361 2438 do·

268 2490 355 2563 cent,
376 2479 465 2546 hunc
483 2479 731 2564 grammaticum
756 2480 789 2546 in
806 2479 1048 2546 commentariis
1063 2481 1129 2546 suis
1143 2480 1259 2546 sedulo
1282 2502 1357 2570 ope·

268 2610 337 2655 ram
362 2610 497 2656 navasse
521 2587 581 2654 arti
604 2589 748 2678 apostis
772 2589 906 2675 tragicis
928 2588 1093 2654 adhibitae
1114 2587 1360 2676 intellegendae

268 2707 301 2762 et
322 2697 550 2787 explicandae,
573 2706 748 2785 perspecto
770 2698 865 2762 etiam
889 2717 1061 2782 consensu,
1092 2697 1147 2785 qni
1176 2696 1263 2764 iuter
1293 2699 1362 2764 eius

268 2806 539 2893 etAristophanis
553 2805 745 2871 observandi
759 2803 991 2892 iudicandiqus
1003 2805 1162 2872 rationem
1174 2805 1360 2888 intercedit,

269 2917 331 2982 boc
356 2927 435 3005 puto
457 2939 582 2983 summe
611 2939 686 2982 cum
714 2915 945 3004 probabilitate
979 2915 1028 2992 (iu
1052 2937 1117 3001 qua
1137 2937 1268 3004 semper
1290 2915 1359 2982 iere

162 3081 169 3094 .
268 3025 301 3090 in
321 3025 506 3091 huiusmodi
529 3023 773 3111 quaestiouibus
794 3023 1069 3110 acquiescendum
1089 3024 1153 3106 ast)
1175 3045 1273 3110 posse
1287 3045 1361 3089 con·

269 3133 369 3216 tendi,
392 3155 465 3222 per
490 3134 714 3220 Didymom
737 3132 859 3198 nobis
882 3131 1041 3198 tradita
1063 3155 1176 3216 esse,
1196 3153 1298 3220 quae
1321 3132 1361 3198 in

269 3243 453 3310 scholiis
478 3242 640 3312 nostris
662 3241 1007 3329 Aristophnneae
1031 3239 1293 3330 disciplinae
1324 3241 1360 3306 in

269 3362 361 3420 arte
379 3351 549 3440 poetica
566 3349 825 3417 aestimande
848 3350 1011 3436 positae
1028 3372 1130 3439 prae
1152 3371 1196 3416 so
1219 3350 1362 3416 ferant

270 3460 466 3526 colorem.

369 3568 443 3650 Qua
477 3569 602 3636 ratione
631 3567 795 3654 Didymus
820 3567 922 3658 copiis
954 3567 1183 3656 Aristophanis
1214 3591 1291 3635 usus
1312 3568 1363 3648 sit,

270 3689 377 3744 utrum
411 3677 628 3766 explicaverit
657 3687 781 3744 tantum
814 3678 884 3744 eius
908 3687 1001 3743 notam
1023 3677 1182 3763 signoque
1206 3677 1259 3742 vel
1287 3699 1362 3766 pro·

272 3787 397 3852 boverit
416 3785 535 3852 additis
564 3786 680 3869 censis,
716 3807 797 3870 quac
825 3787 969 3852 breviter
996 3785 1048 3854 hic
1078 3796 1111 3850 et
1139 3786 1270 3852 concise
1298 3805 1360 3850 mo·

271 3895 353 3978 nuit,
383 3919 422 3961 an
456 3894 497 3960 dc
528 3917 585 3960 suo
615 3893 693 3980 qnid
720 3893 879 3962 adiecerit
904 3895 956 3960 vel
978 3893 1121 3980 denique
1151 3915 1286 3982 prorsus
1306 3916 1363 3958 no-

271 4027 328 4070 ves
350 4004 517 4092 ingressus
543 4003 584 4070 sit
609 4003 689 4087 vias,
717 4014 809 4070 certo
840 4001 939 4068 hodio
968 4003 1035 4068 crui
1059 4001 1182 4092 nequit,
1205 4001 1262 4070 sed
1288 4025 1363 4092 pro-

271 4112 368 4182 babili
406 4123 530 4180 tentum
560 4111 747 4180 coniectura
779 4111 865 4201 poni.
921 4133 961 4176 ex
999 4121 1064 4178 tots
1098 4110 1234 4198 Didymi
1269 4131 1362 4198 quam

270 4223 402 4291 aliunde
426 4223 590 4310 cognitam
613 4221 771 4288 habemus
801 4217 1042 4288 commentandi
1070 4220 1196 4288 ratione
1224 4219 1362 4306 ingenti·

271 4355 334 4419 que
368 4333 524 4400 librorum
562 4354 643 4418 quos
680 4330 860 4420 compesuit
898 4327 1107 4396 multitudino
1141 4329 1241 4416 longe
1276 4327 1362 4396 veri-
