3020 5020
821 371 864 438 30

302 555 478 622 Ranarum.
501 553 536 619 in
556 563 750 641 argumento
760 551 881 641 Oedipi
896 552 1008 638 Regis,
1029 575 1093 642 quo
1117 553 1158 620 de
1179 551 1394 641 inscriptione

298 664 429 728 fabulae
447 663 567 748 agitur,
575 661 802 728 Dicaearchus
818 661 971 728 laudatur
986 663 1087 746 testis,
1099 661 1296 750 Sophoclem
1318 685 1392 728 cum

296 772 382 840 hauc
415 771 559 839 fabulam
591 772 728 838 doceret
756 772 880 837 victum
910 793 981 837 esse
1001 794 1026 835 ·a
1055 770 1204 838 Philocle
1233 771 1286 856 (ΙΙ
1306 793 1340 858 p.
1351 769 1392 834 12

294 880 409 962 Diud.)
430 878 604 966 χαριέντως
636 878 672 947 δέ
695 882 950 947 ΤΥΡΑΝΝΟΝ
967 874 1110 958 ἅπαντας
1131 872 1231 946 advos
1258 871 1392 965 ἐπιγρά-

216 1001 237 1030 V
292 1010 421 1078 φουσιν,
444 984 490 1068 ὡς
511 988 661 1072 ἐξέχοντα
679 983 787 1076 πάσης
808 992 866 1077 τῆς
885 987 1093 1077 Σοφοκλέους
1122 983 1298 1075 ποιήσεως,
1321 987 1393 1052 καί·

292 1122 358 1183 περ
392 1093 575 1186 ἡττηθέντα
603 1093 670 1164 άπὸ
694 1096 907 1177 Φιλοκλέους,
943 1092 988 1176 άλς
1012 1119 1093 1186 φησι
1125 1096 1391 1181 Δικαίαρχος.

292 1208 326 1274 in
340 1208 452 1274 Aiacis
471 1216 666 1294 argumento
686 1207 827 1272 traditur
838 1206 1063 1275 Dicaearchus
1078 1206 1284 1294 inscripsisse
1305 1205 1389 1270 hauc

292 1316 496 1402 tragoediam
519 1310 670 1396 Αάιντος
690 1311 846 1399 θάνατος,
875 1315 971 1401 eique
1006 1325 1217 1404 opponuntur
1247 1313 1390 1380 didasca-

291 1429 366 1512 liee,
389 1429 423 1496 in
444 1429 561 1516 quibus
585 1451 710 1494 merum
725 1429 837 1495 Aiacis
852 1449 973 1494 nomen
986 1427 1124 1494 dramati
1139 1429 1181 1493 sit
1202 1427 1386 1516 praefixum

293 1538 340 1619 (II
362 1553 394 1624 p.
409 1538 577 1622 tonino.)
602 1537 860 1623 Δικαίαρχος
881 1535 1146 1604 δὲΑΙΛΝΤΟΣ
1162 1538 1397 1604 ΘΑΝΛΤΟΝ

293 1642 478 1737 ἐπιγράφει.
533 1647 567 1713 έν
596 1645 633 1713 δὲ
660 1651 733 1725 ταῖς
762 1647 983 1727 διδασκαλίαις
1012 1647 1121 1732 ψιλῶς
1139 1651 1265 1712 ΛΙΑΣ
1280 1637 1393 1731 άναγέ-
1495 1724 1496 1753 1

291 1779 446 1843 γραπται.
496 1756 610 1823 similis
642 1765 691 1822 est
715 1756 797 1822 ratio
828 1756 862 1821 in
884 1765 1078 1843 argumento
1100 1754 1199 1820 Rhesi
1230 1753 1390 1842 ampliore
1495 1775 1496 1802 ι

293 1865 453 1949 (secundo
476 1865 663 1949 Diudorfii).
714 1864 758 1932 ihi
781 1867 823 1931 de
847 1865 976 1931 difficili
999 1865 1056 1930 illa
1076 1865 1278 1951 quaestione,
1310 1885 1388 1928 uum

291 1973 471 2064 Euripides
493 1975 533 2040 sit
551 1974 677 2042 Rhesus
698 1975 778 2040 haec
799 1975 973 2060 legunturz
993 1977 1091 2042 τοῦτο
1114 1971 1153 2040 τὸ
1175 1974 1282 2059 δρᾶμα
1305 1968 1387 2039 ἔνιοι

292 2076 397 2150 νόθον
413 2078 606 2170 ὑπενόησαν,
636 2074 817 2166 Εὐριπίδου
851 2081 887 2149 δὲ
914 2079 959 2170 μὴ
979 2075 1088 2170 εἶναι’,
1110 2078 1169 2148 τδν
1198 2078 1258 2168 γάρ
1279 2075 1391 2170 Σαφά-

291 2193 400 2258 νιλσιον
420 2192 544 2276 μᾶλλον
564 2185 744 2280 ὑποφαίνει
766 2187 1030 2282 <άποφαίνιινλ>
1049 2195 1242 2279 χαροοιτῆρα.
1258 2189 1296 2285 έν
1317 2189 1389 2274 μέν·

291 2325 344 2368 τοι
365 2305 438 2380 ταῖς
457 2298 678 2378 διδασκαλίαις
709 2295 755 2379 ὡς
772 2295 903 2388 γνήσιον
930 2291 1176 2387 ἀναγέγραπται,
1196 2300 1250 2366 καὶ
1272 2295 1291 2387 ἡ
1311 2297 1389 2384 περὶ

290 2405 332 2475 τά
352 2404 512 2498 μετάρσια
544 2409 580 2476 δὲ
610 2407 644 2476 έν
670 2401 759 2496 αὐτῷ
791 2405 1093 2497 πολυπραγμοσύνη
1125 2405 1184 2476 τὸν
1210 2400 1390 2494 Εὐριπίδην

290 2515 455 2607 ὁμολογεῖ.
477 2515 636 2607 πράλογοι
657 2519 694 2588 δέ
718 2521 825 2589 διττοὶ
846 2522 1011 2611 φέρονται.
1053 2515 1170 2608 άγσῦν
1193 2519 1390 2605 Δικαίαρ-
1494 2511 1495 2566 l

287 2653 359 2711 1⁰6
386 2628 531 2708 ἐκτιθεὶς
562 2625 621 2717 τὴν
642 2625 809 2698 ὑπόθεσιν
837 2633 897 2697 τοῦ
919 2625 1025 2717 Ρήσου
1055 2625 1173 2719 γράφει
1201 2623 1284 2695 κατά
1302 2627 1388 2711 λέξιν
1494 2627 1495 2688 ἶ

290 2733 481 2817 οὕτως-νῦν
500 2731 671 2827 εάσέληνον
684 2739 803 2828 φέγγος
822 2736 843 2828 ἡ
867 2731 1077 2830 διφρήλατος’
1099 2777 1139 2790 -
1158 2738 1216 2806 καὶ
1236 2738 1271 2805 έν
1290 2738 1388 2818 ἐνίοις

290 2849 357 2912 τῶν
377 2839 583 2937 ἀντιγράφων
604 2844 716 2935 ἕτερός
735 2873 785 2928 τις
796 2848 932 2938 φέρεται
952 2844 1118 2936 πρόλογος
1129 2849 1196 2916 κτλ.
1225 2847 1391 2938 praecedit

291 2953 345 3022 his
358 2956 497 3024 verbosa
514 2956 643 3024 fabulae
660 2957 831 3026 enarratio.
868 2981 911 3024 ex
921 2957 1139 3043 Dicaearcho,
1160 2956 1216 3044 qui
1238 2953 1390 3022 laudatur

291 3064 348 3132 ubi
362 3066 404 3132 de
416 3065 540 3154 duplici
555 3067 686 3133 fabulae
702 3068 841 3157 prologo
861 3091 969 3135 sermo
985 3075 1043 3149 est,
1064 3087 1104 3132 ea
1117 3087 1247 3153 quoque
1260 3073 1390 3154 sumpta
1493 3111 1494 3116 η

292 3195 375 3258 esse,
388 3195 470 3260 quae
483 3174 525 3240 de
540 3176 686 3244 dramate
698 3177 910 3266 suppositicio
922 3177 1165 3265 disputarentur
1175 3185 1266 3242 recte
1278 3173 1391 3240 statuit

292 3283 529 3363 Kirchhoffius,
553 3284 608 3369 qui
622 3284 745 3372 primus
765 3285 948 3350 accuratius
962 3285 1004 3350 de
1019 3285 1083 3351 hoc
1102 3293 1295 3370 argumento
1319 3281 1388 3370 egit

292 3391 328 3457 iu
342 3391 509 3478 Philologi
530 3377 641 3488 cclx
663 3416 694 3480 p.
707 3393 769 3458 559
784 3414 858 3478 sqq.
901 3415 974 3458 uam
998 3391 1115 3458 ecdem
1138 3391 1247 3478 modo,
1268 3413 1333 3478 quo
1353 3393 1387 3458 in

291 3511 487 3587 argumento
510 3498 623 3568 Aiacis
638 3499 842 3568 Dicaearcho
867 3511 1078 3589 opponuntur
1098 3500 1308 3584 didascalice,
1332 3499 1385 3566 hic

294 3630 337 3674 ex
361 3607 547 3675 didascaliis
570 3609 731 3676 refutatur
753 3609 915 3674 sententia
938 3608 1096 3694 eiusdem,
1118 3609 1173 3696 qui
1196 3618 1309 3697 postea
1329 3631 1385 3676 oo·
1492 3617 1493 3654 l

294 3715 441 3782 minstim
457 3717 617 3784 laudatur.
639 3717 740 3784 veluti
754 3717 852 3800 idem,
874 3719 929 3804 qui
952 3717 1032 3783 haec
1044 3717 1221 3805 excerpsit,
1244 3717 1387 3806 primum

291 3825 325 3890 in
347 3825 538 3890 uuiversum
550 3825 654 3892 refert
664 3820 821 3912 πράλογοι
835 3823 872 3890 δέ
893 3825 997 3892 διττοὶ
1017 3823 1173 3914 φέρονται
1196 3834 1229 3890 et
1240 3835 1308 3890 tum
1329 3823 1386 3890 de-

289 3953 377 3998 mum
390 3931 480 3998 addit
494 3929 513 3998 ά
525 3936 602 4019 γοῦν
614 3933 807 4016 Δικαίαρχος
817 3933 885 4000 ιιτλ.
908 3931 1102 4000 didascalice
1114 3933 1202 4020 ipsas
1213 3931 1289 4000 huic
1301 3953 1388 4000 com·

289 4040 419 4128 pilatori
432 4063 497 4108 non
509 4041 542 4106 iu
554 4051 705 4127 promptu
723 4041 836 4122 fuisso,
848 4039 936 4106 idem
949 4041 1133 4108 observavit
1146 4039 1387 4124 Kirchhoffius3

288 4158 323 4214 at
345 4147 433 4234 quod
457 4147 509 4213 vir
529 4149 735 4214 doctissimus
751 4149 784 4214 iu
806 4147 1078 4236 simplicissimam
1098 4151 1331 4234 coniecturam,
1344 4171 1385 4216 ex

291 4255 529 4345 Aristophanis
542 4267 737 4342 argumento
748 4277 804 4324 sas
814 4257 1061 4347 compilatorem
1072 4258 1249 4345 derivasse,
1269 4269 1388 4342 mcum,

289 4385 400 4434 esrum
428 4387 493 4432 uon
525 4365 720 4432 mentionem
755 4365 827 4433 heri
863 4367 896 4434 in
919 4368 1152 4460 Aristophanis
1180 4377 1385 4458 argumento,
