3020 5020
811 360 853 425 22

283 543 360 615 ὅδὲ
380 543 479 630 χορὸς
502 545 694 632 συνέστηκεν
723 544 759 612 ἐν
792 548 951 630 γυναικῶν
978 538 1135 630 Ἀργείων
1165 541 1380 632 ἡλικιώτίὀων

280 655 465 741 Ἠλέηρας,
488 652 527 721 αἳ
543 656 598 722 καὶ
619 653 851 740 παραγίνονται
871 651 957 738 ὑπὲρ
969 657 1030 741 τῆς
1042 659 1104 722 τοῦ
1126 648 1275 738 Ὀρέστου
1298 679 1378 720 πον·

281 759 463 848 θανὸμεναι
488 767 675 853 συμφορᾶς,
706 775 740 828 et
772 786 844 850 erg.
868 763 1048 830 Alcestidis
1069 764 1172 847 (lX):
1203 761 1378 850 συνέστηκε

280 874 317 940 δὲ
338 874 357 941 ὁ
377 869 476 958 χορὸς
498 871 536 941 ἔτι
556 896 656 939 τινων
687 876 884 957 πρεσβυτῶν
906 872 1076 951 ἐντοπίων,
1104 869 1142 938 o‘i
1165 871 1220 938 καὶ
1241 869 1378 956 παραγί-

280 1007 390 1050 νονται
411 975 690 1066 συμπαθήσαντες
708 985 782 1059 ταῖς
801 973 1014 1066 ’dispertior
1033 984 1229 1069 συμφοραῖς.
1272 989 1379 1046 certus

284 1091 442 1157 lormulss
463 1089 613 1156 videmus
627 1089 683 1154 vel
698 1089 733 1153 in
757 1089 968 1176 amplioribus
991 1089 1249 1176 expositionibus
1270 1109 1378 1154 servs·

282 1211 341 1264 tes.
385 1221 486 1285 qnare
507 1199 541 1264 in
562 1199 612 1264 his
634 1220 763 1286 qnoque
784 1198 826 1262 do
857 1197 949 1263 ehori
973 1197 1123 1286 personis
1145 1197 1377 1262 observationi·

281 1309 345 1374 bns
375 1306 463 1372 idem
483 1327 707 1392 agnoscemus,
742 1304 829 1394 quod
858 1305 891 1369 in
915 1306 1002 1371 notis
1030 1306 1072 1371 de
1096 1305 1226 1371 fabulae
1248 1324 1379 1388 serens,

280 1415 418 1504 pristino
441 1437 496 1479 ess
519 1416 668 1479 nbertste
687 1434 760 1480 esse
783 1423 909 1478 exutus.

381 1523 434 1588 De
457 1522 623 1588 montione
653 1542 881 1607 personae,
911 1542 995 1606 quoe
1014 1520 1230 1608 prologum
1249 1519 1377 1602 reoitst,

280 1653 324 1696 ex
354 1629 434 1720 ipsis
455 1629 657 1716 argumentis
681 1629 934 1716 Aristophaneis
956 1629 1090 1694 decerni
1122 1629 1247 1714 nequit,
1267 1637 1377 1694 utrum

281 1738 413 1824 integre
427 1739 469 1804 sit
484 1738 636 1822 lormnls,
659 1760 756 1824 quem
772 1761 839 1804 nno
859 1747 1000 1826 excepto
1021 1737 1055 1802 in
1075 1736 1377 1824 omnibuslegimns

280 1846 484 1934 argumentis
504 1845 693 1933 προλογίζει
714 1844 751 1912 δὲ
762 1895 872 1931 .....
889 1869 932 1912 on
952 1847 1034 1913 haee
1053 1869 1184 1934 quoqne
1197 1847 1376 1912 deourtsm

281 1955 315 2021 in
337 1957 512 2022 Persarum
534 1967 731 2043 argumento
747 1955 859 2040 (XIII)
881 1955 1014 2042 longior
1035 1955 1077 2022 de
1103 1955 1243 2022 dirersis
1264 1977 1374 2044 perso·

280 2065 348 2148 nis,
382 2087 465 2152 quse
497 2065 582 2154 opud
616 2065 845 2150 Phryniehnm
869 2065 904 2132 iu
926 2065 1117 2132 Phoenissis
1148 2076 1182 2130 et
1201 2063 1289 2154 spud
1309 2065 1374 2130 Ae

279 2173 431 2260 sehylum
461 2172 496 2238 in
518 2171 629 2239 Persis
653 2171 784 2260 prologi
814 2195 951 2240 munere
982 2175 1166 2258 funguntur
1199 2170 1375 2260 disputetio

280 2283 397 2348 eedem
437 2280 600 2348 olsnditnr
643 2282 785 2349 formula
815 2281 959 2348 ἐνταῦθα
992 2281 1029 2348 δὲ
1060 2281 1248 2367 προλογίζει
1279 2275 1377 2366 χορὸς

278 2393 482 2476 πρεσβυτῶν.
523 2413 625 2457 unum
640 2399 790 2478 superest
805 2391 903 2457 hodie
917 2393 1119 2480 exemplum,
1138 2393 1196 2459 uhi
1216 2415 1278 2482 pro
1298 2391 1374 2457 nitu

277 2501 336 2566 ills
358 2499 500 2568 formula
522 2499 661 2588 amplior
691 2511 782 2566 extet
813 2501 980 2568 snnotstio
1004 2502 1046 2568 de
1068 2501 1200 2590 prologi
1221 2523 1374 2590 persons,

248 2669 251 2677 .
277 2609 366 2676 stin
388 2619 602 2696 argomento,
633 2609 720 2695 quod
743 2610 778 2674 in
800 2633 864 2676 uno
886 2619 975 2676 oerte
1004 2621 1137 2699 purten
1159 2609 1374 2697 grummstioo

279 2720 450 2805 sequioris,
481 2729 517 2785 ut
536 2719 667 2788 ridetur
690 2719 878 2808 Byzsntini,
900 2721 974 2786 sevi
999 2720 1097 2786 nimie
1118 2729 1168 2788 est
1192 2720 1377 2806 huntam,

278 2851 374 2915 quum
413 2826 501 2914 quod
538 2827 570 2894 in
610 2827 759 2894 ordinem
793 2829 1109 2917 Aristophsnesrum
1143 2831 1375 2920 hypothesium
1489 2819 1490 2828 ἵ

277 2936 426 3026 recipere
454 2958 635 3026 possemus,
666 2937 780 3004 Aieois
802 2937 970 3004 nimirum.
1022 2939 1055 3004 in
1077 2940 1266 3008 universnm
1291 2941 1375 3008 duse

276 3045 311 3112 in
331 3047 393 3114 hoo
420 3055 617 3132 srgnmento
642 3045 785 3112 discerni
811 3057 946 3136 possunt
972 3055 1083 3135 psrtes
1112 3057 1146 3114 et
1168 3049 1318 3116 doetrins
1339 3063 1373 3118 et

276 3154 410 3222 dicendi
433 3176 564 3240 genere
585 3155 746 3224 dirersse.
789 3155 1047 3242 Byzantinorum
1073 3156 1242 3224 hominnm
1256 3162 1375 3228 verbo-

275 3265 352 3333 sitss
390 3263 568 3353 oonspiens
599 3277 649 3330 est
679 3265 714 3332 in
747 3287 787 3332 es
808 3277 914 3353 purte,
944 3291 1008 3357 qus
1040 3268 1083 3335 ds
1118 3269 1236 3356 mytho
1258 3269 1373 3336 hinem

275 3373 385 3459 egitur
404 3373 505 3462 (opud
522 3373 676 3442 Dindorl'.
699 3399 731 3464 p.
745 3373 831 3458 26,8
859 3413 897 3424 -
920 3400 953 3465 p.
966 3377 1019 3462 27,
1038 3378 1090 3463 10)
1113 3379 1240 3465 sntiqui
1263 3401 1372 3464 grem·

278 3483 384 3550 mstiei
407 3482 556 3550 doctrine
575 3483 679 3568 iniis,
699 3505 783 3571 quse
802 3486 1004 3552 snteoedunt
1018 3509 1167 3602 puseqne
1187 3497 1372 3574 sequuntur

277 3591 420 3680 (pron
454 3627 493 3640 -
516 3592 619 3677 26,2;
656 3619 685 3682 p.
703 3594 755 3678 27,
771 3595 806 3660 ll
831 3593 943 3678 -28,
957 3596 1003 3678 4).
1053 3595 1095 3662 de
1124 3597 1235 3684 priore
1266 3605 1373 3685 purte,

275 3719 358 3786 quse
381 3698 423 3766 sd
439 3699 685 3788 inscriptionem
701 3702 833 3770 fsbuloe
850 3703 1003 3792 pertinet,
1026 3701 1112 3772 inirs
1124 3706 1236 3794 prunis
1257 3706 1373 3774 dieen-

274 3807 353 3876 dum
383 3809 457 3892 erit,
490 3808 525 3876 in
556 3810 738 3900 posteriore
770 3811 1028 3902 Aristophanem
1065 3835 1303 3902 eognoseemns
1329 3835 1372 3882 ox

275 3929 370 4002 nots,
402 3941 486 4005 quse
512 3919 660 3986 exhibite
689 3929 740 3988 est
778 3921 811 3987 in
844 3921 960 3989 eodiee
989 3921 1137 3990 Parisino
1167 3923 1251 3990 2712
1268 3924 1319 3991 Aa
1348 3919 1369 4012 'l

272 4025 372 4118 σκηνὴ
393 4031 454 4096 τοῦ
474 4023 639 4113 δράματος
659 4029 694 4096 ἐν
713 4033 761 4119 τῷ
782 4025 983 4119 ναυστάθμῳ
1003 4026 1089 4116 πρὸς
1118 4035 1158 4121 τῇ
1186 4035 1287 4122 σκηνῇ
1307 4035 1368 4100 τοῦ

274 4132 435 4218 Αἴαντος.
478 4135 666 4222 προλογίζτι
686 4137 722 4206 δὲ
746 4134 767 4226 ἡ
788 4129 924 4226 Ἀθηνᾶ.
975 4139 1056 4206 hseo
1080 4151 1156 4206 sunt
1178 4141 1372 4230 Aristophs·

281 4267 353 4332 nes,
374 4246 437 4316 nisi
461 4248 548 4336 qnod
570 4255 645 4336 post
664 4268 779 4316 rorem
810 4243 976 4334 δράματος
995 4247 1161 4316 intereidit
1189 4243 1372 4320 ὑπόκειται.

273 4365 418 4426 ostemm
440 4357 630 4448 exemplum
649 4377 787 4427 sesenss
814 4357 997 4426 srourstius
1025 4357 1220 4448 dosoriptse.
1249 4355 1370 4445 reliqui
