3020 5020
789 354 828 417 14

358 535 386 600 0
424 536 480 602 καί
511 531 601 604 ἔστιν
628 530 647 601 ί
680 535 741 621 μέν
772 534 871 625 σκηνή
902 541 962 606 τοῦ
992 533 1156 624 δράματος
1188 531 1280 622 παρὰ
1300 535 1349 621 τιῖ

255 640 351 733 τάφῳ
371 644 521 730 Δαρείου.

358 755 387 821 G
430 748 450 839 ή
482 753 518 820 δὲ
538 749 711 833 ὑπόθεσις·
739 755 862 842 Ξέρξης
884 749 1162 840 στρατευσάμενος
1177 748 1259 820 κατὰ
1280 747 1351 818 Ἕλ-

254 857 363 944 λάδος,
394 862 447 928 καί
476 863 558 950 πεζῇ
585 851 649 946 μὲν
668 861 702 929 ἐν
724 864 907 943 Πλαταιαῖς
928 863 1084 950 νικηθείς,
1105 864 1236 951 ναυτική
1259 859 1295 928 δὲ
1316 858 1351 926 έν

253 972 419 1055 Σαλαμῖνι,
437 967 491 1037 διά
505 972 686 1050 Θεσσαλίας
701 967 834 1060 φεύγων
847 969 1073 1059 διεπεραιώθη
1088 968 1136 1050 είς
1146 969 1204 1057 τήν
1219 961 1350 1034 Ἀσίαν.

354 1078 386 1144 D
429 1078 486 1145 ε’πί
503 1079 662 1160 Μένωνος
683 1082 858 1168 τραγῳδῶν
867 1078 1035 1164 Αἰσχύλος
1056 1080 1144 1148 ἐνίκα
1158 1076 1351 1161 ΦινεῖΠίρ·

253 1212 326 1268 σαις
347 1184 480 1275 Γλαύκῳ
503 1193 693 1276 Προμηθεῖ.

353 1301 473 1368 desunt
494 1299 601 1370 ΑΕΚ.

374 1409 456 1474 XIV
478 1419 710 1494 argumentum
731 1399 990 1492 Agamumnonis
1012 1407 1231 1494 Aeschylum.
1304 1469 1309 1480 ,

353 1519 385 1582 Α
427 1511 645 1604 Ἀγαμέμνων
674 1515 721 1598 είς
740 1507 841 1584 ’Ἱλιον
873 1510 983 1584 άπιιδν
1002 1519 1043 1606 τῇ
1065 1509 1349 1604 Κλυταιμνήστρᾳ,

255 1625 285 1696 εί
303 1622 475 1715 πορθήσει
494 1621 533 1692 τό
544 1616 655 1710 Ἴλιον,
679 1623 840 1709 ὑπέσχετο
863 1630 921 1714 τῆς
934 1618 1036 1712 αῦτῆς
1051 1620 1173 1711 ἡμέρας
1184 1623 1351 1712 σημαίνειν

255 1737 309 1804 διά
327 1739 386 1804 τοῦ
408 1738 546 1821 πυρσοῦ.
568 1731 652 1803 ὅθεν
672 1731 800 1802 σκοπδν
821 1729 975 1801 ἐκάθισεν
996 1734 1054 1800 ἐπὶ
1072 1736 1187 1820 μισθηῖ
1209 1733 1347 1798 Κλυται-

254 1841 413 1933 μνήστρα,
435 1845 489 1910 ἵνα
510 1844 625 1932 τηροίη
646 1839 705 1910 τὸν
725 1839 861 1928 πυρσόν.
895 1838 989 1910 καὶὸ
1010 1842 1069 1927 μὲν
1092 1837 1171 1908 ίδιῦν
1193 1833 1349 1928 α’πήγγει-

255 1957 318 2038 λεν,
340 1951 424 2043 αῦτή
445 1953 480 2020 δὲ
492 1957 559 2019 τιῦν
580 1956 773 2039 πρεσβυτῶν
794 1943 890 2035 ῦχλον
907 1951 1168 2037 μεταπέμπεται,
1190 1954 1268 2039 περὶ
1291 1953 1351 2018 τοῦ

256 2067 386 2150 πυρσοῦ
409 2065 527 2149 ἕροῦσα
549 2101 589 2110 -
608 2062 645 2144 ἐξ
663 2048 711 2128 ὦν
737 2060 756 2128 ὁ
781 2057 881 2146 χορδς
903 2062 1126 2130 συνίσταταιΞῦ
1146 2100 1188 2109 -
1211 2061 1351 2139 οἵτινες

255 2164 451 2252 άκοάσαντες
463 2172 679 2255 παιανίζουσι.
699 2172 769 2255 μετ’
794 2162 834 2237 οῦ
852 2166 938 2238 πολῦ
962 2168 1066 2238 δίκαι’
1085 2165 1276 2254 Ταλθύβιος
1286 2193 1351 2236 πα-

257 2279 418 2368 ραγίνεται
437 2281 491 2348 καί
511 2275 552 2346 τά
571 2275 653 2346 κατά
673 2274 731 2347 τὸν
753 2280 863 2347 πλοῦν
884 2278 1050 2366 διηγεῖται.
1081 2272 1299 2366 Ἀγαμέμνων
1319 2279 1348 2345 δ

257 2389 314 2458 ε’πί
333 2381 461 2478 ἀπήνης
484 2385 620 2474 ἔρχεται·
643 2389 758 2456 εἵπετο
780 2388 808 2454 δ’
832 2380 920 2474 αῦτηῖ
942 2383 1036 2474 ἑτέρα
1056 2379 1175 2475 ἀπήνη,
1208 2383 1292 2454 ἔνθα
1315 2372 1352 2475 ἦν

255 2495 297 2566 τά
317 2494 446 2588 λάφυρα
465 2498 519 2564 καί
540 2496 559 2586 ή
580 2493 765 2582 Κασάνδρα.
808 2491 905 2576 αῦτδς
934 2498 995 2582 μὲν
1021 2484 1078 2564 οῦν
1105 2495 1351 2582 προεισέρχεται

256 2605 304 2688 είς
321 2604 380 2676 τδν
402 2600 494 2675 οἶκον
516 2603 575 2674 σῦν
594 2610 634 2698 τῇ
646 2603 929 2696 Κλυταιμνήστρᾳ.
951 2602 1128 2692 Κασάνδρα
1149 2603 1185 2676 δὲ
1207 2629 1351 2690 προμαν-

255 2712 396 2800 τεύεται,
418 2717 498 2803 πρὶν
521 2714 568 2795 είς
588 2715 628 2782 τά
648 2715 797 2799 βασίλεια
818 2714 993 2798 εἰσελθεῖν,
1012 2715 1069 2782 τδν
1086 2710 1203 2801 ἑαυτῆς
1221 2711 1351 2780 καὶτοῦ

255 2818 504 2912 Ἀγαμέμνονος
527 2820 682 2909 θάνατον,
711 2825 767 2891 καὶ
791 2823 852 2912 τήν
881 2825 917 2908 ἐξ
934 2817 1083 2910 Ὀρέστου
1103 2821 1348 2912 μητροκτονίαν,

254 2932 309 2998 καί
330 2929 472 3022 είσπηδᾷ
493 2925 539 3012 ιῦς
557 2930 755 3018 θανουμένη,
777 2932 904 3018 ῥίψασα
924 2927 965 2996 τά
987 2929 1164 3016 στέμματα.

248 3085 252 3104 .
357 3040 389 3106 F
427 3043 525 3107 τοῦτο
553 3039 590 3107 δὲ
613 3035 652 3106 τῦ
678 3039 779 3124 μέρος
799 3044 863 3106 τοῦ
884 3034 1048 3125 δράματος
1068 3035 1272 3125 θαυμάζεται
1304 3031 1351 3116 ιδς

258 3145 414 3235 ἔκπληξιν
444 3145 519 3231 ἔχον
546 3148 599 3215 καί
627 3140 739 3216 οίκτον
769 3143 888 3216 ῖκανόν.
919 3146 1012 3229 ίδίως
1039 3147 1075 3216 δέ
1094 3143 1264 3232 Λίσχῦλος
1292 3143 1350 3214 τὸν

255 3249 485 3343 Ἀγαμέμνονα
507 3252 573 3324 ini
594 3255 671 3342 <έπῖ
693 3257 785 3340 αοδ.>
804 3261 922 3344 σκηνής
941 3250 1151 3342 α’ναιρεῖσθαι
1170 3261 1273 3340 ποιεῖ,
1294 3251 1352 3322 τὸν

255 3364 291 3432 δὲ
317 3360 510 3451 Κασάνδρας
530 3360 701 3450 σιωπήσας
721 3359 867 3431 θάνατον
898 3362 1012 3450 νέκραν
1039 3355 1143 3451 αῦτήν
1172 3359 1349 3446 ὑπέδειξεν,

255 3471 418 3560 πεποίηκέ
435 3497 471 3540 τε
490 3467 664 3560 Αἴγισθον
685 3473 739 3540 καί
751 3467 1040 3560 Κλυταιμνήστραν
1058 3467 1212 3557 ἑκάτερον
1233 3473 1352 3556 διῖσχυ

256 3575 426 3668 ριζάμενον
447 3583 525 3669 περὶ
552 3586 610 3670 τῆς
631 3575 828 3669 α’ναιρέσεως
855 3579 902 3649 ἑνί
928 3581 1106 3672 κεφαλαίῳ,
1135 3577 1196 3668 τήν
1224 3581 1284 3666 μέν
1311 3584 1351 3671 τῇ

256 3779 301 3838 ὅτε
320 3786 393 3854 λέγει
413 3785 449 3839 δι’
471 3781 505 3852 ἣν
522 3787 612 3840 αἰτίαν
629 3781 768 3858 πάρεστιν,
789 3785 825 3847 ὡς
844 3785 874 3840 τὸ
893 3781 1005 3858 ιΤῦριον
1022 3787 1108 3858 οίδμιι
1129 3781 1253 3840 λιποῦσιί
1272 3785 1350 3852 (Eur.

257 3879 359 3936 Phoun.
370 3881 434 3946 202>
454 3878 486 3936 τά
505 3882 535 3936 δέ
553 3877 682 3954 στάσιμα,
704 3881 747 3940 ὅτι
767 3888 871 3938 immae
890 3887 935 3938 mi
951 3877 1061 3956 ἄρχεται
1080 3883 1126 3950 τῆς
1140 3881 1287 3954 συμφορᾶς
1303 3883 1351 3936 τοῦ

256 3969 404 4048 δράματος,
424 3973 457 4030 τά
478 3977 509 4033 δέ
528 3975 696 4050 κομματικὰ,
714 3975 759 4034 ὅτε
777 3977 875 4034 λοιπὸν
895 3980 927 4034 έν
945 3973 1037 4050 θρήνῳ
1057 3985 1159 4048 γίνεται
1178 3977 1352 4034 secluserunt

256 4071 481 4128 Schneidewinuu
492 4073 692 4130 oiDindoriiuu
711 4079 742 4130 ui
759 4079 922 4145 excerptum
943 4075 1059 4130 ulterius
1073 4074 1352 4146 grummiininlieno

257 4169 319 4226 Ιοαο
339 4171 482 4228 iniurium.
1052 4209 1062 4218 .

355 4269 390 4320 26
409 4266 545 4322 Similiter
560 4265 628 4324 hoen
640 4273 707 4326 noia
723 4269 752 4326 in
772 4269 920 4324 Persarum
937 4273 1103 4342 argumento
1125 4269 1272 4326 commodo
1291 4273 1348 4324 utu·

258 4359 311 4418 iim
329 4360 392 4418 loco
410 4362 538 4434 appositu
557 4369 608 4418 eni.
