2994 5018
648 369 709 440 119

220 558 290 628 OT.
312 561 376 627 939
396 557 552 648 τύραννον
572 555 672 630 αὑτόν
699 557 731 630 οῖ
753 558 931 648 ’πιχιόριοιε
955 555 1187 642 πιθανοῖςὺ’
1173 556 1230 650 άγ-

124 674 225 760 γελος
251 669 294 740 τά
318 669 400 762 ἡδέα
429 678 584 761 πρῶτον
592 665 795 781 ἀπαγγέλλει,
826 675 906 760 πρὶν
938 673 1047 742 εἰπεῖν
1077 671 1120 740 τά
1150 677 1229 764 περὶ

45 775 49 785 ’
127 780 293 852 θανάτου.

110 939 114 950 ·
216 893 259 959 ib.
277 893 339 960 958
365 887 494 981 ηθικαῖς
523 891 665 1025 φησίνὺ
694 885 885 980 άγγελος,<
859 919 905 974 ως
927 887 985 961 οὑκ
1012 887 1081 962 ἀπό
1102 890 1229 962 τούτων

125 1001 243 1069 θέλων
263 993 437 1086 αρξασθαι,
458 995 571 1068 ἀλλ”
549 1004 619 1070 απὺ
641 1007 708 1070 τοῖν
730 1001 844 1090 ἡδέων.
1241 989 1258 1080 λ

216 1111 350 1199 Hippol.
375 1111 500 1177 215-
455 1101 629 1197 -ἀριστα
649 1111 686 1178 δὲ
705 1114 753 1198 τῷ
773 1112 973 1198 λεπτομερεῖ
993 1114 1053 1198 τῆς
1073 1106 1229 1200 φράσεως

124 1223 278 1303 μιμεῖται
297 1213 337 1286 τό
357 1223 424 1285 τῶν
445 1215 596 1306 ἐρώντων
628 1207 729 1307 ἦθος,
759 1216 815 1287 ὅτε
845 1219 936 1300 τινός
958 1221 1096 1306 ἐρῶντες
1116 1217 1241 1306 τέχνης

123 1326 242 1416 <vim
264 1327 381 1416 codd.)
401 1325 658 1418 ὑπογράφουσιν,
693 1325 808 1416 ὥσπερ
839 1325 1018 1418 ζωγράφοι,
1042 1333 1083 1420 τῇ
1107 1331 1229 1397 λεπτο-

125 1437 225 1525 λογίᾳ
248 1436 383 1524 ἐκείνην·
401 1434 460 1524 τὴν
488 1438 601 1525 τέχνην
627 1439 681 1504 καὶ
701 1435 742 1504 τά
764 1431 865 1525 αὑτῆς
884 1428 1016 1525 όργανα,
1036 1439 1091 1506 καί
1113 1433 1227 1525 ὥσπερ

125 1542 179 1624 είς
208 1545 366 1628 ἐπίδειξιν
396 1538 498 1634 αὑτῆς
525 1543 703 1631 ἐρχόμενοι,
735 1546 924 1632 ἐρεθίζουσι
954 1551 1002 1635 τηῖ
1028 1547 1229 1634 λεπτομερεῖ
1242 1565 1276 1617 10

123 1657 188 1741 τῆς
207 1650 364 1742 φράσεως
382 1654 443 1721 τόν
463 1652 579 1740 ἔρωτα.
621 1651 771 1722 καθόλου
786 1654 822 1722 δὲ
842 1659 940 1723 τοῦτο
964 1655 1021 1724 ἐπὶ
1040 1660 1108 1723 τῶν
1127 1651 1228 1742 δρυίν-

123 1787 197 1827 των
217 1762 397 1847 συμβαίνει.
1134 1816 1138 1824 ,

211 1870 255 1936 ib.
279 1871 340 1936 199
363 1866 508 1959 ἐφύλαξε
535 1867 574 1937 τά
597 1875 665 1937 ταῖν
685 1857 873 1939 νοσούντων
904 1859 994 1959 ἦθος
1014 1867 1121 1959 πάντη
1141 1872 1228 1958 πρός

123 1974 188 2066 τὴν
210 1982 270 2045 τοὺ
292 1974 445 2064 σώματος
464 1980 658 2066 κηδεμονίαν
678 1961 937 2066 καταγινομίνων
956 1977 1227 2068 <καταγινόμενον

124 2087 256 2176 εοόδ.>,
275 2091 449 2174 μονονουχὶ
470 2085 572 2178 αάτὴν
591 2087 669 2178 ἡμῖν
690 2086 878 2180 ὑποστήσας
896 2087 954 2178 τὴν
979 2091 1123 2177 Φαίδραν
1141 2115 1228 2178 προ·
1240 2103 1274 2157 10
1337 2093 1342 2102 ’

78 2241 85 2247 -
124 2197 345 2284 κομιζομένην
367 2199 422 2264 καί
443 2204 515 2278 τοῖς
534 2195 644 2284 λόγους
664 2201 718 2265 καί
739 2203 811 2278 τοῖς
832 2195 1001 2287 σχήμασιν.

214 2306 258 2372 ib.
271 2306 333 2372 208
346 2339 386 2354 -
400 2311 501 2373 ταῦτα
522 2309 559 2374 δὲ
580 2305 709 2392 ἔξωθεν
725 2302 959 2394 ἐσχημάτισται
980 2303 1067 2394 πρός
1085 2302 1125 2374 τά
1141 2294 1226 2394 ἦθος

124 2416 197 2480 τῶν
219 2410 411 2482 νοσούντων.

213 2523 339 2589 Ρίιοευ.
358 2523 422 2590 446
455 2527 560 2610 μῆτερ
592 2520 747 2610 πάρειμι.
781 2519 937 2592 κάλλιστα
967 2497 1153 2610 πεποίηται
1178 2525 1226 2650 τηῖ

124 2635 269 2718 τραγικῷ
289 2627 328 2698 τά
350 2626 535 2716 πρόσωπον
555 2624 629 2699 οἷον
653 2625 758 2699 δεῖ
727 2657 811 2699 ειναι
832 2623 948 2700 ἀδικον
979 2623 1097 2718 ἀνδρα·
1130 2625 1225 2718 γινοί·
1238 2625 1273 2704 20

125 2760 217 2805 σκων
236 2734 297 2825 γάρ
318 2765 364 2818 ως
386 2731 480 2806 οὑδὲν
501 2737 672 2808 δίκαιον”
649 2765 719 2824 εχει
735 2740 883 2826 λέγειν
865 2737 983 2827 επάγει
1013 2741 1074 2828 την
1107 2738 1226 2827 κρίσιν,

96 2843 187 2914 ’τόν
216 2845 253 2912 ἐκ
285 2850 345 2934 τῆς
374 2848 591 2934 δικαιολογίας
622 2846 705 2916 κατά
737 2846 860 2916 λεπτόν
888 2846 1059 2936 γινόμενον
1092 2846 1225 2934 ἔλεγχον

125 2949 268 3044 φεὺγωυ.
300 2991 302 2996 ·

218 3230 235 3283 2
254 3247 288 3284 ex
307 3231 407 3286 eodem
425 3231 588 3286 nuntiorum
606 3248 684 3286 mora
709 3232 783 3302 apud
799 3215 966 3302 'Euripidem
984 3229 1097 3286 Orestes
1114 3231 1159 3289 El.
1172 3234 1225 3288 230

335 3327 373 3398 ζῇ.
392 3327 486 3397 πρῶτα
505 3321 558 3396 γάρ
577 3342 622 3381 σοι
639 3321 738 3398 τάγάθ’
757 3323 900 3397 ἀγγέλλειν
916 3330 998 3382 θέλω.

201 3423 235 3474 10
252 3425 279 3475 σί
300 3425 338 3480 είς
356 3421 488 3481 ἐπίδειξιν
509 3418 656 3495 ἐρχόμενοι
675 3423 754 3477 codd.
774 3422 924 3478 articulum
941 3421 1046 3476 dolavit
1057 3422 1215 3477 Vaanarua„

201 3519 233 3570 11
253 3518 357 3588 δρῶντα
374 3517 448 3572 libri.
466 3535 563 3572 veram
581 3519 752 3589 scripturam
773 3518 885 3574 restitui
902 3537 937 3574 ax
950 3519 1041 3573 aliero
1059 3517 1166 3574 acholio
1182 3519 1225 3573 illi

126 3611 238 3682 gemino
251 3613 287 3668 ad
298 3631 324 3668 v.
333 3615 386 3666 219
406 3607 495 3684 δίκρως
510 3614 542 3668 δὲ
559 3611 593 3668 τὸ
608 3611 738 3685 ἐρωτικὸν
756 3607 825 3682 ἦθος
841 3609 1000 3687 ἀπεμάξατο
1017 3616 1226 3689 τῇλεπτομερεῖ

125 3709 173 3774 τῆς
191 3703 352 3784 ἔκφράσεως
369 3713 522 3780 περιεργίᾳ·
541 3713 580 3768 είς
599 3703 759 3780 ὑπόμνησιν
777 3707 831 3781 γάρ
850 3705 997 3783 ἐρχόμενοι
1015 3712 1071 3764 τῶν
1088 3711 1222 3783 ἐνθυμου-

125 3807 229 3874 μένων,
248 3808 294 3857 καλ
311 3807 463 3876 μονονουχὶ
481 3805 687 3876 ζωγραφοῦντες
703 3799 770 3858 αὑτά
789 3811 845 3864 τοῖς
865 3799 964 3874 λόγοις,
989 3806 1029 3860 ἔτι
1049 3806 1155 3879 μᾶλλον
1174 3804 1225 3874 τὴν

126 3904 279 3975 ἐπιθυμίαν
299 3905 469 3974 ίξεγείρουσι.
508 3904 663 3958 notandum
681 3919 844 3973 perversum
862 3902 994 3973 plagiarii
1011 3903 1143 3968 studium,
1167 3919 1222 3972 quo

125 4000 273 4070 proprium
291 4001 430 4069 quandam
447 3999 683 4055 animadversioni
709 4016 774 4054 auae
796 3999 921 4055 colorem
939 3997 1069 4054 infundat
1087 3997 1222 4054 adhibitis

125 4095 230 4166 ubique
247 4097 420 4166 synonymia:
441 4091 593 4167 άρισια-
614 4090 711 4167 άκρως,
736 4115 773 4166 την
778 4099 956 4168 λεπτομερεῖ
972 4097 1019 4163 τῆς
1039 4089 1221 4167 φράσεως-

125 4191 157 4264 τῇ
176 4193 339 4263 λεπτομερεῖ
359 4194 407 4259 τῆς
427 4173 589 4305 λκφράσεως
614 4197 765 4263 περιεργίᾳ,
791 4197 971 4264 μιμεῖται-
997 4185 1165 4263 ἀπεμάξατο,
1190 4189 1220 4245 τά

125 4289 180 4342 τοῖν
197 4283 322 4358 ἐρώντων
339 4279 409 4356 ἦθος
419 4315 454 4330 -·
464 4285 495 4344 τὸ
515 4287 645 4360 ἐρωτικὸν
662 4280 739 4355 ἦθος,
758 4291 797 4348 είς
813 4289 987 4350 ἐπίδειξιν·-
999 4285 1067 4348 είς
1054 4282 1220 4358 υπόμνησιν,

126 4385 276 4457 ἐρεθίζουσι
295 4411 329 4424 ·-
350 4385 523 4453 ἔξεγείρουσι,
542 4401 628 4453 quare
644 4385 730 4456 ἔρωτα
750 4405 784 4426 -·
803 4384 974 4455 immature
