3020 5020
831 359 932 434 52.

300 556 336 612 ut
358 545 467 632 omnia
487 548 557 611 fere
580 545 710 612 vincula
730 545 861 612 revellit
875 539 1037 612 vetustate
1052 553 1252 629 consecrata,
1276 544 1321 609 ita
1337 565 1394 610 ne·

303 679 365 744 que
387 657 420 720 in
443 655 504 721 hac
524 677 562 720 re
585 654 713 721 traditis
738 645 876 722 normis
890 678 925 722 se
953 655 1114 738 astrinxit,
1140 675 1249 740 neque
1279 654 1397 722 melio-

301 787 355 832 res
376 765 410 829 in
430 764 578 830 tritarum
600 765 673 831 loco
697 766 852 852 reposuit.
882 775 995 832 notum
1018 776 1075 845 est,
1100 767 1141 831 ob
1163 765 1301 830 eandem
1324 785 1396 830 rem

213 915 218 924 ·
301 873 492 962 Euripidem
523 873 586 938 iam
608 875 648 938 ab
671 870 894 960 Aristophane
921 873 1046 938 comico
1068 874 1102 939 in
1126 871 1397 939 Acharnensibus

301 983 402 1070 carpi,
432 992 567 1070 propter
597 1004 692 1066 quam
726 981 967 1070 Aristophanes
999 983 1228 1070 grammaticus
1264 981 1397 1068 signum

300 1113 393 1156 suum
425 1091 534 1156 versui
563 1090 611 1154 illi
645 1091 820 1180 Hippolyti
851 1092 1011 1179 apposuit,
1042 1091 1173 1157 tertium
1206 1090 1395 1178 exemplum

301 1201 402 1266 mirae
424 1199 509 1266 inter
530 1198 589 1264 hos
607 1199 693 1264 viros
711 1198 825 1264 iudicii
845 1199 1059 1284 aequalitatis.
1080 1198 1290 1286 Dicaeopolis
1307 1199 1408 1288 iores·

300 1309 434 1398 pulsans
457 1307 539 1396 petit
556 1309 596 1373 ab
609 1305 777 1396 Euripide,
800 1317 842 1373 ut·
859 1307 1056 1393 egrediatur.
1078 1297 1145 1372 ἀλλ’
1160 1299 1203 1373 ov'
1225 1301 1325 1394 σχολή
1347 1329 1397 1372 re·

301 1417 433 1506 spondit
455 1417 517 1482 hio.
561 1416 601 1482 ad
633 1415 720 1500 quod
742 1415 953 1504 Dicaeopolis
974 1406 1042 1480 ἀλλ’
1068 1410 1289 1503 ἐκκυκλήθητ’.
1318 1415 1396 1482 Eur.

299 1517 367 1592 ἀλλ’
386 1518 556 1593 ἀδύνατον.
582 1526 652 1590 Die.
675 1517 744 1590 ἀλλ’
761 1520 860 1609 ὅμως.
886 1525 962 1591 Eur.
984 1519 1054 1592 ἄλλ’
1068 1521 1316 1613 ἐκκυκλήσομαι·
1339 1550 1396 1592 κα·

299 1635 462 1719 cadalaum
480 1635 508 1701 δ’
533 1627 576 1700 ου’
597 1629 706 1722 σχολή.
739 1635 932 1700 facetissime
960 1636 1199 1725 Aristophanes
1221 1636 1275 1702 hic
1299 1657 1395 1722 occy-

301 1747 405 1812 clema
426 1757 463 1811 ut
483 1744 664 1810 machinam
678 1744 815 1828 inducit,
837 1767 900 1826 qua
917 1745 970 1830 qui
992 1754 1102 1812 utatur
1121 1745 1262 1834 tempori
1281 1757 1396 1835 parcat

300 1851 534 1920 descendendi.
564 1871 671 1936 neque
702 1851 761 1917 ulli
794 1852 971 1918 obnoxium
1003 1855 1052 1917 e'st
1078 1851 1284 1935 dubitationi,
1317 1853 1394 1938 quin

300 1961 476 2052 Euripides
498 1971 674 2049 spectetur,
704 1962 758 2047 qui
780 1963 971 2047 eccyolema
993 1962 1154 2043 adhibeat,
1181 1962 1236 2028 ubi
1261 1983 1394 2050 prorsus

300 2094 366 2138 non
379 2071 421 2138 sit
432 2071 664 2140 necessarium.
688 2080 721 2136 et
739 2070 887 2136 altiorem
905 2072 1002 2137 etiam
1024 2093 1121 2157 quam
1141 2071 1248 2138 obiter
1268 2069 1391 2158 legenti

299 2182 430 2248 ridetur
453 2203 581 2247 causam
596 2179 706 2262 fuisso,
728 2203 787 2245 cur
800 2179 980 2266 Byzantius
1002 2201 1133 2246 versum
1154 2180 1248 2246 illum
1269 2181 1393 2270 Hippo·

301 2291 362 2378 lyti
385 2299 525 2374 notaret,
556 2311 597 2354 ex
633 2290 736 2355 altera
768 2299 846 2354 nota
865 2287 914 2356 illi
934 2289 1030 2377 plane
1052 2290 1197 2376 gemella
1219 2299 1319 2378 patet.
1360 2291 1393 2356 in

299 2398 470 2467 Alcestide
492 2397 672 2494 Euripides
694 2397 841 2465 Alcestis
864 2397 1057 2464 moribunda
1087 2421 1151 2463 una
1185 2422 1257 2464 curn
1280 2399 1393 2465 marito

300 2510 334 2574 in
355 2531 506 2575 scaenam
531 2507 740 2574 ἐκκυνλεῖται.
760 2508 960 2593 conspicitur
979 2506 1082 2592 igitur
1103 2508 1241 2575 interior
1262 2507 1390 2575 aedium

299 2639 385 2706 pars.
409 2617 620 2684 nihilominus
630 2616 808 2706 Euripides
820 2617 1045 2686 chorumisoit
1057 2619 1245 2707 loquentem
1258 2621 1303 2703 (v.
1315 2618 1392 2702 234)

299 2723 373 2794 tuot
397 2722 480 2811 idad,
503 2721 551 2814 ἥδ’
575 2725 615 2792 ἐκ
636 2721 770 2811 δόμων
790 2721 831 2813 δὴ
854 2727 908 2794 καὶ
930 2723 1030 2806 πόσις
1044 2724 1230 2813 πορεύεται.
1253 2727 1395 2817 adquae

298 2835 488 2904 scholiasta:
521 2827 584 2902 ov'a
605 2822 647 2902 sd
658 2856 665 2871 ·
685 2830 769 2900 κατὰ
787 2830 846 2922 γὰρ
869 2835 928 2923 τὴν
946 2832 1115 2904 ὑπόθεσιν
1138 2832 1184 2917 ὦς
1205 2834 1272 2906 ἔσω
1293 2861 1395 2924 πρατ-

298 2939 418 3028 τόμενα
439 2945 491 3011 δεῖ
511 2948 614 3010 ταῦτα
637 2950 855 3031 θεωρεῖσθαι,
877 2945 933 3013 u'bi
949 2947 1201 3034 Aristophanem
1217 2969 1395 3014 remonon

299 3054 526 3122 subodoratur.
550 3053 642 3120 chori
665 3055 773 3121 verbis
793 3054 827 3120 id
847 3055 952 3144 ipsam
976 3056 1113 3139 tollitur,
1136 3055 1225 3143 quod
1247 3058 1395 3142 eooycle·

298 3173 383 3230 mate
404 3162 548 3231 adhibito
569 3164 704 3230 efficere
722 3165 794 3230 vult
816 3175 921 3253 poeta.
943 3165 1155 3232 evolviturre
1173 3185 1253 3233 vers
1269 3160 1397 3249 ξύλινον

297 3271 379 3338 illud
400 3266 570 3360 μηχάνημα
591 3272 727 3358 τροχούς
749 3269 824 3357 ἔχον
848 3283 881 3340 at
904 3297 970 3342 non
993 3295 1032 3339 eo
1060 3273 1210 3358 consilio,
1245 3284 1282 3340 ut
1310 3295 1394 3362 qnae

297 3403 457 3471 personae
481 3382 677 3450 evolvuntur
696 3405 754 3450 ese
778 3405 820 3450 ex
844 3383 978 3450 aedibus
999 3384 1173 3452 videantur
1194 3382 1320 3470 egredi,
1336 3384 1394 3450 sed

297 3499 334 3556 ut
361 3491 499 3557 interior
521 3490 651 3557 sedium
679 3513 754 3579 pars
783 3503 1002 3581 spectatorum
1027 3492 1132 3559 oeulis
1164 3503 1286 3582 pateat.
1328 3515 1394 3560 non

298 3597 466 3684 relinquit,
499 3619 580 3685 quae
610 3601 668 3666 rix
700 3601 850 3689 spiritum
874 3601 973 3685 ducit,
1006 3602 1150 3668 Alcestis
1185 3600 1329 3686 domum,
1359 3612 1395 3668 ut

302 3704 461 3790 Phaedra,
493 3729 574 3794 quae
597 3709 696 3776 variis
721 3709 818 3775 animi
843 3710 1141 3797 perturbationibus
1162 3709 1335 3778 sollicitata
1362 3720 1394 3777 et

299 3814 487 3880 excruciata
509 3817 642 3882 anxium
666 3826 779 3905 pectus
809 3818 869 3885 sub
898 3819 974 3885 divo
1004 3821 1176 3886 exonerari
1201 3827 1302 3909 putat,
1335 3820 1394 3887 sed

302 3923 478 4008 tranquillo
502 3924 609 3991 animo
631 3927 845 3994 voluntariam
861 3939 997 3994 mortem
1022 3938 1185 4016 expectat.
1204 3923 1392 4016 quare‘non

300 4034 383 4099 bene
405 4032 544 4100 instituit
555 4033 730 4124 Euripides
751 4057 821 4102 rom
844 4036 899 4120 ita,
921 4047 958 4102 ut
979 4037 1115 4104 chorum
1138 4037 1261 4104 laceret
1282 4037 1392 4106 dican·

296 4151 375 4222 tem,
399 4142 546 4228 egredi
559 4143 765 4212 Alcestidem
783 4167 858 4212 oum
872 4146 1000 4230 marito,
1025 4169 1098 4212 nam
1111 4146 1291 4214 seeundum
1303 4147 1393 4214 fabu-

298 4251 350 4318 lae
376 4263 608 4339 argumentum
629 4263 666 4320 ut
687 4253 775 4322 intus
795 4267 868 4323 acta
887 4255 970 4321 heac
992 4256 1138 4347 conspici
1161 4248 1304 4324 dabent’.
1347 4256 1393 4322 ita

298 4357 446 4426 scholion
471 4359 729 4450 intellegendum
752 4371 810 4430 ast
843 4361 1002 4430 fulltmtur
1023 4365 1167 4434 Oobstus
1189 4376 1221 4433 et
1242 4365 1298 4452 qui
1318 4386 1392 4432 eom
