3020 5020
659 367 701 434 29

132 549 321 638 priusquam
344 549 482 635 vestigia
502 571 692 638 persequar,
717 572 800 636 quas
819 550 855 617 in
876 550 1011 617 scholiis
1034 550 1230 638 Aristopha-

131 679 214 726 nsse
236 653 429 747 disciplinae
452 668 642 747 appareant,
665 682 720 725 eos
743 659 831 726 viros
851 661 954 726 verbo
978 670 1122 747 tangam,
1147 683 1228 745 quos

130 776 207 858 apte
231 766 486 854 Aristophanem
511 768 748 858 hypothesibus
771 769 984 854 conficiendis
1006 791 1139 858 operam
1171 769 1230 836 de·

132 875 220 942 disse
242 877 317 943 inde
344 887 480 962 constat,
504 879 590 962 quod
621 899 735 945 eorum
757 879 879 944 mentio
902 880 939 946 fit
960 879 994 944 in
1015 880 1230 965 argumentis.

232 987 286 1054 De
311 986 475 1053 Glauco
507 987 723 1074 Rhegino,
754 987 808 1072 qui
839 986 873 1052 in
898 998 1097 1073 argumento·
1116 987 1229 1054 Persas

130 1117 204 1159 rum
238 1103 511 1170 commemoratur
546 1094 580 1161 ἒν
600 1099 672 1174 τοῖς
704 1095 782 1180 περὶ
804 1090 974 1178 Αἰσχύλου
996 1091 1127 1181 μύθων,
1141 1096 1230 1162 -nihil

129 1201 212 1268 certi
234 1211 284 1270 est
305 1203 472 1285 traditum,
496 1201 584 1268 unde
599 1203 757 1287 cognosci
783 1203 896 1290 possit,
920 1214 1074 1290 quantum
1097 1227 1139 1270 ex
1160 1205 1230 1272 eius

131 1311 218 1378 libro
252 1311 330 1396 περὶ
361 1302 504 1396 ἀρχαίων
533 1314 682 1398 ποιητῶν
706 1336 742 1378 τε
770 1313 825 1378 καὶ
854 1316 1021 1395 μουσικῶν
1046 1313 1230 1400 conscripto

133 1420 373 1509 Aristophanes
394 1421 426 1488 in
447 1445 542 1488 usum
567 1442 659 1486 suum
684 1423 894 1490 converterit.

230 1527 346 1595 Paullo
380 1531 511 1606 certius,
551 1551 648 1616 quam
672 1530 778 1595 adhuc
799 1530 921 1596 factum
945 1539 1003 1613 cst,
1034 1528 1230 1595 adumbrare

131 1658 227 1726 posse
251 1638 328 1704 mihi
351 1639 477 1723 videor,
500 1661 585 1724 quae
613 1639 695 1706 ratio
718 1639 804 1705 inter
825 1638 1082 1706 Dicaearchi
1104 1639 1231 1706 Aristo·

132 1746 314 1834 phanisquc
337 1748 559 1814 intercesserit
580 1757 798 1831 argumenta.¹
813 1747 1025 1830 Dicaearcho,
1049 1769 1144 1832 qucm
1170 1748 1230 1834 hy·

134 1857 289 1945 potheses
319 1856 684 1924 confecissediscrtum
718 1865 808 1923 extat
829 1855 923 1924 Sexti
953 1855 1111 1945 Empiriei
1142 1857 1232 1922 testi·
1293 1900 1296 1908 ·

132 1967 278 2034 monium
303 1966 376 2032 adv.
394 1967 500 2032 math.
523 1992 554 2055 p.
565 1966 625 2032 697
656 1966 762 2030 Bekk.
784 1961 949 2044 ὑπόθεσις
976 1963 1151 2046 πολλαχῶς
1172 1963 1232 2049 μὲν

131 2075 187 2142 καὶ
206 2065 611 2162 ὔλλωςᾷπροσαχορεύειαι
637 2125 644 2164 .
670 2126 677 2140 .
700 2125 707 2139 .
732 2125 739 2140 .
763 2125 771 2140 .
800 2076 877 2141 καθ’
901 2073 957 2140 ἕνα
983 2073 1042 2160 μὲν
1063 2069 1190 2160 τρόπον
1212 2070 1231 2161 ἡ

132 2181 313 2272 δραματικὴ
335 2183 538 2270 messalinam,
562 2181 650 2251 aueo
668 2183 722 2250 καὶ
740 2179 892 2270 τρυχικλν
908 2185 963 2250 καὶ
984 2179 1128 2272 κωμικὴν
1149 2179 1234 2250 ὑπό-

131 2285 232 2362 θεσιν
250 2292 386 2380 λέχομεν
410 2293 465 2360 καὶ
487 2287 747 2376 Δικαιάρχου
768 2289 858 2373 τινὰς
879 2288 1062 2372 ὑποθέσεις
1080 2295 1147 2358 τῶν
1167 2283 1230 2358 Εὖ-

133 2401 267 2487 punition
287 2401 343 2468 καὶ
364 2400 572 2491 Σοφοκλέους
593 2399 722 2486 μύθων,
745 2402 779 2466 in
803 2401 917 2468 codiee
939 2401 1134 2470 Florentino
1155 2401 1230 2490 pln-

133 2514 178 2580 tei
194 2513 328 2580 XXXI]
351 2514 419 2580 n.2
442 2511 505 2579 duo
527 2521 722 2600 argumenta
745 2514 934 2579 tribuuntur
953 2511 1090 2578 Medeae
1115 2521 1148 2577 at
1171 2511 1229 2576 Al·

134 2621 279 2689 cestidis.
321 2631 356 2687 at
381 2621 422 2686 de
443 2622 555 2711 priore
573 2621 718 2688 sublesta
737 2622 774 2688 fit
794 2620 876 2688 fides
898 2620 985 2706 libri,
1007 2643 1079 2686 cum
1105 2620 1229 2709 inipso

131 2740 326 2818 argumento
348 2730 391 2795 ad
414 2732 513 2797 finem
528 2730 752 2798 Dicaearchus
772 2752 837 2794 una
861 2752 933 2794 cum
954 2730 1135 2796 Aristotele
1157 2729 1225 2794 lan·

133 2841 240 2908 detur.
269 2861 370 2926 quare
392 2837 446 2926 qui
458 2839 699 2906 Dicaearchum
721 2835 887 2904 auctorem
909 2840 1034 2904 servari
1058 2840 1138 2924 vult,
1159 2861 1232 2904 oum

132 2950 308 3020 Dindorfio
340 2959 483 3016 statuere
515 2950 632 3031 dehet,
663 2949 740 3015 inde
774 2950 928 3024 averbis
950 2946 988 3016 τὸ
1012 2949 1120 3033 δρᾶμα
1141 2948 1234 3014 δοκεῖ
1266 2936 1272 2958 '

135 3060 447 3149 (v01.111p.2,11)
478 3059 614 3125 alterius
646 3058 849 3146 grammatici
882 3058 1026 3146 incipere
1052 3057 1229 3147 expositio-

134 3192 220 3237 nem.
265 3192 347 3258 qnae
361 3169 567 3246 Dicaearcho
584 3168 819 3255 relinquuntur
837 3176 969 3256 praeter
991 3168 1232 3236 enarrationem

133 3276 263 3343 tabulas
297 3286 348 3343 sat
370 3277 577 3365 perspicuam
607 3284 640 3341 et
669 3274 832 3341 concisam
865 3275 1106 3341 observationes
1128 3274 1230 3341 conti·

134 3395 214 3452 nent
236 3384 278 3450 de
299 3386 413 3471 mytho
436 3383 572 3450 Medeae
595 3393 628 3452 et
650 3384 777 3451 Iasonis
812 3409 828 3449 a
852 3385 950 3450 variis
974 3385 1079 3473 poetis
1102 3383 1232 3449 histori-
1304 3435 1322 3452 ,.
1347 3423 1351 3432 ·

134 3494 254 3581 eisque·
270 3495 359 3560 vario
391 3493 488 3560 modo
522 3495 637 3560 relato.
689 3495 834 3580 epoetis
858 3495 1068 3562 nominantur
1091 3492 1232 3563 Simoni·

135 3603 203 3683 des,
227 3602 282 3688 qni
304 3587 441 3682 νόστους
462 3604 605 3690 scripsit,
628 3603 827 3688 Aeschylus,
859 3625 901 3668 ox
923 3603 1085 3670 historicis
1106 3602 1234 3668 Phere-

134 3711 239 3800 cydes
264 3712 455 3798 Staphylus.
510 3711 690 3808 Alcestidis
712 3723 942 3797 argumentum
966 3712 1152 3776 nonhabet
1176 3733 1233 3776 cur

134 3821 331 3887 Dicaearchi
359 3821 586 3888 auctoritatem
618 3821 652 3885 in
686 3821 899 3908 suspitionem
930 3843 1092 3887 vocemus.
1146 3818 1234 3904 quod

136 3951 210 3996 eum
231 3929 313 3996 nihil
338 3930 505 3996 contineat
534 3930 596 3996 nisi
631 3930 869 3996 enarrationem
900 3932 1032 3997 fabulae
1053 3954 1119 3996 non
1141 3931 1231 3998 dissi·

135 4037 246 4102 milem
270 4037 401 4126 quidem
424 4038 529 4120 alteri,
558 4039 600 4103 de
631 4039 744 4107 indole
769 4039 1001 4127 hypothesium
1032 4041 1233 4108 aDicsear-

136 4146 198 4212 cho
214 4147 438 4214 confectarum
455 4148 666 4234 materiisque
683 4150 723 4215 ab
748 4169 787 4228 eo
803 4149 948 4214 tractatis
964 4150 1038 4214 novi
1056 4148 1233 4234 quidquam

133 4254 211 4321 inde
234 4277 301 4322 non
324 4256 534 4344 percipimus.
589 4266 641 4324 ter
670 4267 841 4346 praetcrea
871 4266 1142 4324 commemoratur
1172 4257 1231 4324 Di·

133 4369 311 4436 caearchus
329 4369 363 4434 in
383 4371 583 4455 argumentis
603 4371 857 4458 tragoediarum,
877 4372 978 4448 semel
1004 4372 1036 4435 in
1050 4371 1230 4462 hypothesi
