3020 5020
784 366 824 434 16

238 547 337 635 χορδς
357 549 548 638 συνέστηκεν
572 551 609 633 ἐξ
627 551 1024 643 ἐπιχωρίων-παρθένιον.
1052 551 1241 640 προλοχίζει
1256 552 1294 622 δέ
1314 549 1334 620 δ

135 739 139 747 ,
236 655 444 746 παιδαγωγὸς
462 651 634 750 Ὀρέστου]

336 766 454 834 desunt
473 767 684 840 ABDEFG.

338 876 586 944 Trachinisrum
606 889 837 964 argumentum
859 903 994 968 prorsus
1016 881 1195 962 interemit,
1221 881 1333 948 Aiaois

238 1005 303 1050 non
334 994 424 1050 extat
451 986 486 1052 in
508 979 621 1054 sodioe
642 987 874 1056 Laurentiano.
904 987 992 1075 quod
1029 989 1063 1055 in
1093 988 1333 1056 recentioribus
1358 990 1364 1000 “

237 1091 329 1158 libris
347 1093 472 1179 legitur
485 1095 593 1160 omisit
605 1093 891 1181 Schneidewinus,
915 1097 1037 1186 quippe
1060 1095 1147 1182 qnod
1166 1097 1207 1162 ab
1230 1097 1332 1162 inler-

237 1199 438 1288 polatoribus
462 1203 631 1270 dilatatum
652 1227 756 1294 pauca
778 1215 904 1272 lentum
919 1206 1083 1292 genuinae
1095 1206 1220 1272 formae
1234 1206 1331 1274 veeti-

236 1307 293 1394 gie
310 1303 493 1378 exhiheret.
515 1335 599 1400 quae
611 1313 653 1380 ad
669 1325 818 1382 nostrum
832 1317 1000 1404 pertinent
1019 1317 1226 1407 propositum
1246 1315 1334 1382 inira

237 1416 382 1486 afferam.

364 1525 499 1618 [xvm
520 1543 751 1619 argumentum
767 1532 931 1601 Troadum
956 1533 1203 1624 Euripidosew.

336 1642 368 1706 A
410 1639 494 1726 μετὰ
518 1636 577 1727 τὴν
606 1633 699 1706 Ἰλίου
721 1635 891 1728 πόρθησιν
919 1637 1032 1725 ἔδοξεν
1051 1641 1188 1731 Ἀθηνᾷ
1218 1639 1333 1708 τεκαὶ

235 1751 423 1820 Ποσειδῶνι
442 1748 481 1818 τδ
501 1753 568 1816 τῶν
588 1741 737 1832 Ἀχαιῶν
757 1746 943 1836 στράτευμα
963 1752 1170 1842 διαφθεῖραι,
1189 1752 1253 1816 τοῦ
1274 1747 1333 1833 μέν

235 1849 430 1936 εὐνοοῦντος
452 1858 492 1946 τῇ
513 1850 611 1924 πόλει
631 1855 686 1924 διά
703 1853 762 1944 τὴν
781 1857 896 1942 κτίσιν,
915 1861 976 1944 τῆς
996 1857 1033 1926 δέ
1053 1853 1234 1946 μισησάσης
1254 1853 1333 1936 τούς

227 1961 383 2053 Ἕλληνας
402 1963 459 2034 διά
479 1962 541 2054 τήν
561 1960 711 2046 Αἰλτνιος
733 1963 782 2046 εἷς
804 1961 999 2054 Κασάνδραν
1018 1963 1119 2054 ὕβριν.
1155 1963 1186 2034 oi
1208 1966 1244 2034 δέ
1258 1961 1334 2034 Ἢ·

234 2076 328 2162 ληνες
347 2071 595 2162 κληρωσάμενοι
616 2075 780 2160 περὶτῶν
799 2070 1013 2160 αἰχμαλώτων
1034 2078 1192 2163 γυναικῶν
1220 2073 1279 2155 τάς
1298 2075 1333 2142 έν

235 2175 416 2269 ἀξιώμασιν
438 2181 564 2252 ἔδωκαν
584 2177 815 2273 Ἀγαμέμνονι
836 2184 897 2268 μὲν
917 2181 1120 2270 Κασάνδραν,
1143 2177 1332 2270 Ἀνδρομά-

235 2317 294 2380 χην
311 2293 347 2360 δέ
358 2291 592 2380 Νεοπτολέμῳ,
614 2292 800 2379 Πολυξένην
823 2293 859 2360 δέ
879 2297 926 2381 τῷ
947 2285 1107 2376 Ἀχιλλεῖ.
1130 2289 1253 2380 ταύτην
1272 2293 1332 2377 μέν

238 2387 296 2468 οὖν
313 2399 370 2502 ἐπὶ
384 2403 442 2490 τῆς
456 2405 519 2468 τοῦ
540 2393 722 2484 Ἀχιλλέως
738 2405 848 2492 ταφῆς
869 2399 1024 2492 ἔσφαξαν,
1046 2394 1276 2470 Ἀστυάνακτα
1296 2399 1333 2469 δὲ

237 2501 309 2578 α’πδ
330 2514 397 2578 τῶν
419 2513 535 2593 τειχῶν
556 2507 705 2598 ἔρριψαν.
725 2506 853 2599 Ἑλένην
877 2510 914 2578 δὲ
943 2506 988 2592 ὡς
1008 2503 1199 2578 ἀποκτενῶν
1224 2509 1333 2578 Μενέ-

236 2621 315 2699 λαος
336 2609 464 2707 ἤγαγεν,
484 2612 703 2706 Ἀγαμέμνων
723 2618 760 2687 δέ
770 2617 832 2706 τήν
842 2617 1036 2708 χρησμῳδδν
1051 2615 1332 2710 ένυμφαχώγησεν.

234 2723 352 2816 Ἑκάβη
373 2728 409 2797 δὲ
429 2732 487 2816 τῆς
505 2727 566 2814 μέν
583 2723 710 2816 Ἑλένης
728 2724 987 2816 κατηγορήσασα,
1003 2725 1085 2809 τούς
1101 2723 1333 2816 ἀναιρεθέντας

337 2933 373 2986 30
391 2929 474 2986 Teste
497 2930 603 2986 Goheto
625 2929 766 2986 Troadum
796 2931 900 2988 solsolia
924 2930 1029 2988 audisis
1056 2931 1233 3002 Neapolitani
1257 2929 1330 2986 huno

237 3031 340 3100 gerunt
356 3028 386 3082 in
403 3027 496 3082 fronte
515 3026 631 3084 titulum
651 3024 875 3102 Ἀριστοφάνους
892 3029 1086 3102 γραμματικοῦ
1112 3023 1212 3101 σχόλια
1239 3029 1278 3088 sle
1299 3023 1330 3082 τδ

235 3125 330 3198 δρᾶμα
347 3125 401 3178 τῶν
419 3123 466 3178 τοῦ
485 3119 637 3194 Εὐριπίδου
654 3119 802 3195 Τρῳάδων.
831 3123 973 3180 Neuolsius
988 3124 1007 3180 l.
1023 3125 1041 3182 l.
1062 3143 1088 3194 p.
1102 3125 1137 3180 63
1155 3127 1184 3179 et
1203 3123 1331 3180 Osannus

236 3220 333 3277 aneod.
344 3219 423 3274 Rom.
432 3235 460 3289 p.
472 3221 507 3274 98
525 3220 707 3281 arbitrantur,
730 3221 843 3275 subesse
861 3221 890 3274 in
908 3219 1049 3276 Troadum
1069 3219 1180 3276 scholiis
1199 3220 1331 3291 reliquias

235 3316 498 3372 oommantnriorum
518 3315 722 3386 Aristophanis,
751 3315 852 3386 quihus
875 3314 930 3369 alie
949 3316 1006 3370 sint
1024 3315 1136 3372 aliunde
1158 3316 1329 3372 intermixta

236 3413 304 3468 mihi
322 3415 355 3468 ul
371 3411 579 3470 Sohneidewino
597 3411 646 3468 illa
664 3413 774 3467 notatio
791 3412 820 3466 in
838 3411 929 3466 fronte
947 3409 1059 3467 fabulae
1082 3411 1166 3466 etiam
1190 3411 1226 3468 ad
1243 3412 1330 3482 hypo·

236 3509 328 3566 thesin
346 3509 516 3580 pertinuisse
537 3509 649 3564 ridetur
667 3513 696 3565 el
714 3508 762 3565 ille
782 3508 881 3564 titulus
900 3509 1005 3564 divisus
1023 3505 1109 3562 inisse
1129 3507 1182 3562 heo
1202 3507 1328 3564 ratione:

228 3599 439 3678 Ἀριστοφάνους
455 3605 657 3678 γραμματικοῦ,
675 3605 721 3660 oui
732 3605 911 3676 inseriptioni
922 3605 977 3662 iem
987 3603 1167 3660 subiunotnm
1177 3606 1240 3658 eret
1247 3619 1330 3672 argu·

235 3705 361 3756 mentum
378 3699 498 3768 fabulae,
517 3705 547 3756 el
564 3695 663 3773 σχόλια
683 3703 723 3760 sle
739 3699 771 3756 τὸ
789 3701 884 3774 δρᾶμα
900 3701 956 3756 τῶν
968 3699 1016 3754 τοῦ
1025 3694 1176 3770 Εὐριπίδου
1189 3691 1330 3768 Τρῳάδων

235 3797 266 3851 in
281 3795 373 3852 ironte
392 3795 564 3852 scholiorum
578 3796 680 3868 posits,
700 3795 778 3852 utin
796 3795 857 3852 aliie
876 3797 956 3852 libris
974 3795 1092 3867 legimus
1111 3787 1209 3866 σχόλια
1225 3795 1263 3852 sle
1281 3789 1328 3852 τὰς

238 3887 378 3966 Τρῳάδας.
399 3893 759 3950 oetamishneirlewinns
778 3897 982 3966 argumentum,
994 3889 1215 3962 nnodspposni,
1234 3903 1330 3959 quam·

236 4007 318 4060 quam
337 3987 413 4044 oltra
428 3987 633 4044 enmrationam
653 3987 763 4045 fabulae
779 4005 835 4044 noo
853 3987 989 4044 assedam
996 3984 1230 4056 Aristophanem
1248 3989 1331 4057 pntst

235 4103 304 4142 esse.
324 4101 377 4156 ago
395 4086 424 4140 ln
442 4101 504 4140 eam
521 4083 814 4154 magiainolinsserim
832 4085 1008 4146 namnum.
1027 4080 1225 4152 Aristophanis
1243 4081 1330 4152 hypo·

235 4181 328 4238 thesin
346 4186 374 4238 ln
392 4181 472 4236 libris
490 4197 607 4250 prorsus
625 4181 801 4236 interaidisse
819 4185 849 4236 et
866 4179 958 4236 solum
982 4179 1041 4236 eius
1066 4177 1182 4234 titulum
1199 4179 1330 4236 saliemus

235 4295 297 4334 esse
309 4273 520 4352 Ἀριστοφάνους
536 4277 739 4350 γραμματικοῦ,
757 4277 806 4348 qni
821 4275 952 4332 isoillime
969 4275 997 4332 io
1011 4291 1096 4332 ouum
1114 4276 1270 4334 oesleeoere
1279 4293 1328 4346 po·

235 4374 293 4432 luit
301 4391 363 4430 oum
374 4373 458 4430 titulo
470 4371 645 4430 scholiorum
663 4389 749 4442 quere
759 4379 849 4428 tolum
859 4371 911 4428 hoo
924 4379 1119 4444 argumentum
1131 4373 1209 4430 unois
1220 4373 1328 4428 inolusi.

1507 2297 1509 2406 l
