3020 5020
631 436 636 448 .
720 357 741 421 3

185 539 421 628 prolegomena
446 538 609 628 praemisi,
635 539 764 625 quibus,
787 559 870 625 quae
889 540 1062 608 denatura
1084 552 1117 608 et
1138 544 1281 610 auctori-

184 652 243 716 bus
262 649 527 716 observationum
549 648 679 716 illarum
700 648 839 716 dicenda
863 659 964 734 erant,
985 652 1132 740 exposui.
1163 652 1198 716 in
1216 653 1278 718 hac

182 781 218 824 rs
239 781 277 825 ea
298 779 377 846 prae
401 758 522 824 ceteris
544 769 576 824 ct
598 758 757 824 brevitate
780 768 813 824 et
836 759 1070 847 perspicuitate
1097 783 1169 826 sese
1193 783 1279 828 eorn-

183 867 358 933 mendabat
381 867 444 950 via,
462 879 500 932 ut
519 867 647 932 initium
667 867 762 933 fieret
776 868 817 933 ab
832 868 1037 952 argumentis
1051 869 1281 936 enumerandis

180 973 484 1061 examinandisquc,
514 974 601 1039 unde
626 977 716 1060 quasi
750 986 867 1064 sponte
892 977 1074 1065 apparebit,
1110 999 1192 1062 quae
1224 1000 1280 1042 no·

184 1093 251 1152 stro
262 1083 443 1150 inserviant
457 1083 636 1172 proposito.
653 1085 898 1172 prolegomenis
911 1086 1061 1170 singulae
1076 1086 1277 1178 scholiorum

185 1196 307 1262 classes
330 1215 390 1283 pro
415 1215 473 1259 sua
496 1215 646 1281 quaeque
669 1195 804 1264 materia
824 1195 1072 1280 subiungantur.

638 1469 834 1478 o————·-·———-—

267 1697 358 1763 Intcr
370 1705 636 1784 argumentorum
651 1698 827 1785 scriptores
839 1697 1031 1784 primarium
1044 1705 1157 1762 tenere
1172 1695 1281 1762 locum

185 1805 518 1894 Aristophanem
545 1804 798 1890 Byzantium
819 1806 906 1871 inter
930 1827 1043 1871 omnes
1067 1814 1202 1871 constat.
1227 1805 1282 1890 qui

183 1914 280 1980 huius
302 1913 504 1997 argumentis
527 1911 649 2001 primus
672 1911 875 1998 singularem
897 1934 1030 2000 operam
1053 1912 1184 1978 navavit
1202 1912 1281 1976 Au-

184 2031 339 2111 gustus
363 2021 572 2086 Nauckius
594 2021 628 2084 in
641 2019 737 2103 libro,
760 2043 823 2106 quo
845 2020 1051 2106 grammatici
1074 2021 1170 2086 huius
1196 2021 1282 2087 cele·

185 2131 320 2198 herrimi
342 2131 529 2216 fragmenta
552 2129 689 2213 collegit
711 2137 744 2193 et
768 2128 961 2216 disposuitss,
995 2130 1078 2195 hane
1109 2152 1208 2195 unam
1230 2132 1281 2196 in-

186 2239 299 2327 primis
322 2261 393 2304 rem
408 2239 448 2304 ad
467 2237 626 2323 liquidum
639 2237 804 2325 perduxit,
824 2233 1015 2317 ὑποθέσεις,
1036 2261 1117 2327 quae
1133 2240 1282 2306 versibus

186 2349 336 2414 astrictae
358 2322 397 2412 in
428 2349 521 2416 libris
548 2347 666 2416 nostris
690 2346 919 2434 Aristophanis
944 2355 1064 2415 nomen
1079 2372 1159 2438 prae
1181 2372 1217 2417 se
1237 2349 1283 2414 fe·

186 2465 270 2539 rant,
293 2457 526 2522 abiudicandas
553 2479 624 2523 esse
647 2457 725 2522 huic
747 2456 962 2543 grammatico
986 2467 1019 2524 et
1042 2457 1200 2524 mediocri
1225 2459 1281 2522 tri·

187 2565 334 2631 buendas
354 2565 568 2631 versificatori
580 2565 772 2631 Tzetzarum
785 2564 1085 2651 Tricliniorumque
1096 2568 1192 2632 aetati
1206 2591 1284 2655 sup-

187 2672 267 2759 pari.
289 2675 471 2761 plcniorem
486 2697 558 2739 cum
571 2675 715 2761 ipsorum
728 2671 1001 2760 argumentorum
1012 2684 1080 2740 tum
1090 2676 1283 2764 Aristopha-

187 2781 248 2864 nis,
268 2793 538 2868 argumentorum
562 2781 739 2872 scriptoris,
764 2783 914 2848 notitiam
941 2784 1097 2851 dehemus
1116 2783 1284 2851 Schnei-

188 2890 373 2975 dewino,
405 2891 459 2978 qui
493 2890 527 2954 in
549 2893 829 2980 commentatione
850 2891 889 2956 dc
910 2892 1137 2979 hypothesibus
1161 2907 1286 2980 tropos·

189 2999 319 3064 diarum
360 2999 560 3066 Graecarum
601 3000 825 3087 Aristophani
856 2999 1040 3088 Byzantina
1081 3001 1286 3067 vindicandis

191 3109 396 3194 conscripta4
421 3130 463 3173 ex
485 3108 596 3175 indole
621 3117 652 3174 et
676 3110 877 3199 proprietate
899 3119 1179 3194 argumentorum,
1202 3132 1285 3196 quae

191 3216 349 3282 librorum
372 3215 563 3282 auctoritate
580 3217 796 3305 Aristophani
811 3218 1030 3303 assignantur,
1052 3219 1193 3306 primurn
1215 3242 1286 3285 cer-

190 3335 255 3390 tam
279 3346 425 3391 normam
449 3325 898 3411 constantemqucrationem
925 3327 1020 3409 eruit,
1042 3349 1139 3412 quam
1160 3327 1285 3393 Aristo·

187 3433 312 3520 phanes
329 3432 364 3496 in
376 3432 610 3519 componendis
623 3432 862 3522 hypothesibus
878 3443 1009 3498 secutus
1022 3456 1093 3500 csse
1107 3434 1286 3519 videretur,

189 3539 308 3607 deindo
332 3539 481 3624 vestigiis
505 3540 670 3624 insistens,
693 3561 775 3627 quac
799 3539 943 3605 eiusdem
967 3540 1087 3606 indolis
1114 3543 1285 3607 doctrinae
1345 3535 1349 3542 ⁴

187 3647 396 3736 proprietatis
419 3649 451 3712 in
473 3648 610 3734 reliquis
624 3650 826 3734 argumentis
841 3659 1048 3736 apparerent,
1068 3649 1282 3740 Aristophani

188 3755 376 3840 vindicavit,
400 3778 483 3842 quae
506 3766 542 3821 ut
563 3757 812 3845 Aristophanen
833 3759 896 3823 hoc
920 3759 1016 3824 modo
1042 3781 1076 3824 se
1099 3759 1287 3846 proderent,

189 3867 331 3956 denique
354 3866 466 3932 sedem
489 3866 663 3951 exquirere
692 3877 827 3933 conatus
848 3877 908 3952 est,
931 3890 1028 3954 quam
1044 3867 1219 3952 genuinam
1238 3892 1286 3933 ar·

289 4085 305 4136 3
326 4086 516 4154 Aristophanis
533 4085 660 4154 Byzantii
676 4087 853 4153 grammatici
860 4087 1043 4140 Alexandrini
1061 4091 1213 4157 fragmenta
1232 4089 1287 4141 col-

191 4181 255 4250 legit
274 4191 299 4233 at
320 4181 453 4249 disposuit
471 4182 607 4250 Augustus
628 4181 722 4234 Nanclt
740 4177 818 4233 Halia
838 4181 906 4234 1848
925 4198 954 4251 p.
969 4182 1118 4238 252-263.
1200 4181 1204 4191 '

288 4277 307 4328 4
323 4274 453 4330 Recitata
472 4278 516 4330 est
534 4276 734 4330 commentatio
754 4277 784 4330 in
793 4292 926 4332 consessu
940 4277 1084 4332 societatis
1095 4279 1188 4349 regiae
1199 4279 1285 4335 soien-

189 4367 293 4424 tiarum
302 4367 496 4438 Gottingsnsis
514 4369 540 4424 d.
551 4368 589 4425 IV
598 4368 738 4426 decembr.
748 4387 771 4426 a.
780 4371 848 4426 1852
868 4375 897 4427 et
915 4369 993 4428 edita
1005 4351 1156 4446 Gottingae
1175 4392 1198 4429 a.
1209 4376 1285 4430 1853.
