3020 5020
826 342 867 408 ⁷4

283 533 432 620 margine
453 533 589 600 exarati.
612 533 1107 623 Porphyrioeascholiaomnia
1123 531 1269 617 attribui,
1292 553 1377 618 quac

280 643 363 710 inB
388 645 509 733 scripta
541 645 767 729 quaestionem
788 644 1050 733 solutionemque
1081 643 1264 725 continent,
1293 643 1377 708 nihil

282 775 409 838 curans,
443 763 553 821 utrum
581 755 615 818 in
643 753 787 820 editione
812 754 1022 820 Bekkeriano
1046 773 1167 818 nomen
1194 751 1376 838 Porphyrii

226 953 229 958 Ι
281 862 319 928 iis
341 863 545 952 propositum
568 863 609 928 sit
632 885 747 946 necne,
773 885 847 929 cum
877 872 997 950 quanto
1026 860 1160 927 arbitrio
1191 860 1226 926 in
1249 859 1312 926 bac
1339 879 1374 924 re

179 1032 184 1044 ,
281 971 332 1038 usi
352 981 461 1038 essent
481 972 633 1038 editores·
646 972 876 1038 demonstrarit
898 969 1016 1036 Rosius
1033 970 1054 1035 l.
1067 969 1089 1035 l.
1101 993 1134 1058 p.
1148 969 1218 1052 152,
1241 977 1276 1034 et
1296 968 1375 1034 mul·

281 1079 323 1145 tis
345 1079 427 1146 locis
449 1079 626 1168 Porphyrii
648 1104 778 1163 nomen,
802 1067 889 1168 quod
910 1102 977 1145 non
997 1079 1121 1164 legitur
1141 1078 1177 1145 in
1197 1077 1224 1142 B
1248 1076 1282 1143 in
1304 1078 1376 1142 aliis

283 1187 449 1254 codicibus
467 1189 569 1254 veluti
591 1189 749 1256 Etonensi
770 1188 991 1256 Escurislensi
1011 1195 1174 1253 servatum
1198 1187 1288 1252 situ.
1313 1207 1375 1252 nec

283 1297 388 1380 magis
405 1298 628 1364 necessarium
651 1298 741 1381 duxi,
763 1310 798 1364 ut
820 1322 839 1364 a
861 1297 1079 1384 disputatione
1111 1296 1153 1361 de
1183 1295 1317 1362 scholiis
1340 1295 1374 1362 in
1485 1289 1486 1302 ¹

280 1405 420 1472 Iliadem
442 1406 634 1495 conscriptis
657 1429 866 1474 secernercm
887 1429 960 1472 eam
980 1428 1062 1492 quae
1083 1405 1124 1472 de
1137 1404 1310 1492 Odysseae
1325 1415 1377 1469 est

176 1549 180 1556 ·
281 1515 427 1599 scholiis,
451 1516 571 1603 quippe
595 1539 678 1604 quae
701 1538 744 1582 ex
766 1517 882 1582 iisdem
904 1515 1050 1582 fontibus
1071 1515 1217 1581 derivata
1235 1513 1376 1580 exiliora
1486 1587 1487 1610 ,

180 1707 183 1712 Ι
281 1625 378 1690 modo
399 1627 596 1712 praeberent
618 1649 699 1714 quae
721 1627 879 1715 ampliora
892 1636 1061 1692 servarunt
1075 1624 1171 1691 codd.
1181 1622 1254 1690 AB.
1277 1621 1376 1688 etiam

282 1732 315 1798 in
351 1733 522 1821 Odysseae
555 1736 688 1804 scholiis
723 1739 914 1824 frequentes
948 1747 1023 1802 sunt
1056 1733 1264 1821 quaestiones
1298 1731 1378 1797 Por·

282 1842 473 1929 phyrianae,
495 1865 619 1930 paucae
640 1854 771 1912 servato
795 1845 927 1912 nomine
948 1843 1100 1928 auctoris,
1119 1841 1282 1930 plurimae
1302 1833 1378 1908 ἀδέ-

283 1973 414 2018 οποτοι.

381 2059 506 2128 Omnes
526 2061 628 2146 igitur
651 2083 735 2147 quac
758 2062 800 2126 ad
824 2072 928 2128 artem
961 2071 1112 2150 spectant
1131 2060 1377 2127 observationes

262 2189 301 2234 Δε
330 2171 491 2236 sententis
518 2169 676 2270 pendent,
709 2170 849 2238 Iliadem
879 2181 913 2236 et
932 2169 1119 2255 Odysseam
1145 2189 1281 2256 magnas
1304 2189 1376 2234 esse
1488 2215 1489 2238 ι

282 2278 468 2364 tragoedias
497 2290 530 2344 et
560 2279 604 2344 ita
635 2279 781 2369 quidem,
809 2289 846 2345 ut
876 2279 1029 2367 Odyssea
1058 2301 1117 2366 pro
1146 2279 1376 2365 supplemento

282 2389 374 2474 quasi
394 2389 436 2454 sit
458 2389 552 2455 Iliadi
575 2389 594 2457 i.
608 2412 636 2457 e.
650 2399 686 2454 ut
707 2411 790 2476 quae
813 2411 865 2454 res
887 2412 954 2456 non
973 2397 1122 2455 narratae
1137 2389 1202 2454 sint
1216 2387 1250 2453 in
1262 2387 1375 2468 Iliade,

283 2517 341 2561 eac
364 2499 399 2562 in
421 2497 574 2582 Odyssea
596 2499 819 2586 suppleantur.
860 2519 961 2564 unum
983 2497 1049 2582 bio,
1072 2521 1148 2564 narn
1171 2497 1268 2586 plura
1289 2497 1374 2562 inita
1489 2555 1490 2576 ,

282 2606 457 2690 dabuntur,
478 2608 620 2674 sufficiet
643 2609 831 2695 exemplum
855 2608 955 2674 schol.
969 2607 1039 2674 HM
1059 2629 1079 2693 y
1096 2607 1156 2672 103
1184 2607 1376 2693 γεροντικῶς

282 2709 300 2779 d
325 2713 461 2800 Νέστωρ
484 2716 687 2802 μακροτέραν
707 2722 853 2784 ποιεῖται
874 2709 1145 2804 τήν·ἅπόκρισιιτ
1169 2705 1277 2794 ἄλλως
1298 2738 1334 2781 τε
1355 2708 1375 2780 o‘

178 2851 181 2856 ·
282 2823 424 2910 ποιητής
452 2815 616 2908 εὐκαίρως
653 2827 1008 2912 αροσαναττληροῖ
1038 2819 1087 2890 τὰ
1121 2821 1377 2906 λελειμμένα

281 2935 326 3019 τῇ
343 2923 491 3022 Ἰλιακῇ
513 2928 738 3002 ὑποθέσει.
763 2953 846 3019 quae
864 2934 1047 3001 observatio
1071 2955 1144 2998 cum
1165 2931 1255 3018 quasi
1279 2930 1376 2996 cardo

183 3067 198 3086 ·
283 3042 325 3107 sit
347 3041 492 3108 omnium
515 3043 714 3109 scholiorum
740 3065 822 3130 quae
844 3043 909 3108 huc
933 3043 1110 3108 referenda
1131 3050 1218 3123 sunt,
1247 3050 1376 3106 etcum

283 3171 325 3216 ex
349 3171 386 3216 ea
407 3149 667 3218 luculentissime
681 3153 909 3240 perspiciatur,
930 3153 1039 3217 omnia
1054 3151 1148 3218 unius
1163 3149 1377 3234 eiusdemque

283 3259 415 3324 scholae
438 3259 612 3348 disciplina
636 3261 805 3344 contineri,
828 3283 898 3327 rom
920 3261 964 3326 ita
986 3261 1121 3342 institui,
1141 3268 1178 3326 ut
1188 3258 1229 3324 iis
1245 3256 1377 3324 scholiis

284 3367 462 3457 Porphyrii
494 3367 678 3436 doctrinam
711 3369 910 3436 illustrarem
943 3368 1032 3434 unde
1062 3367 1160 3434 simul
1190 3373 1374 3456 appareret,

283 3497 379 3562 quom
399 3488 551 3544 accurate
574 3486 617 3561 et,
641 3478 729 3562 quod
754 3501 818 3543 non
839 3479 948 3564 potuit
971 3499 1038 3544 uon
1067 3477 1149 3563 fieri,
1177 3499 1272 3565 quam
1297 3497 1372 3562 pcr-

283 3608 378 3654 verse
401 3586 567 3652 interdum
589 3568 786 3654 Homericis'
799 3587 977 3671 tragoediis
998 3597 1109 3676 aptata
1133 3594 1221 3652 esset
1239 3605 1277 3650 ea
1297 3583 1374 3650 artis

283 3696 431 3784 poeticae
443 3696 628 3784 explicatio,
642 3719 738 3782 quam
749 3698 784 3762 in
794 3695 996 3783 tragicorum
1007 3694 1139 3763 scholiis
1151 3693 1374 3782 cognovimus.

383 3804 580 3893 Saepissime
613 3805 754 3871 carmina
787 3805 964 3872 Homerico
994 3801 1170 3892 τραγῳδίαι
1205 3802 1374 3869 vocantur.

283 3913 368 3980 hanc
393 3912 666 3998 significationem
688 3914 868 3980 solemnem
890 3933 962 3979 esse
986 3913 1020 3978 in
1033 3911 1219 4001 Porphyrio
1240 3919 1376 3978 testatur

287 4077 449 4087 ..-ι-*-
469 4079 475 4084 .

384 4169 415 4220 71
435 4165 560 4222 Indicam
584 4167 778 4236 quaestionum
806 4167 1062 4238 Porphyrianarum
1088 4167 1203 4226 exhibet
1225 4165 1375 4224 Eduardo·

283 4263 447 4320 umnam·
464 4263 493 4318 in
512 4261 677 4334 libelloqui
691 4263 841 4336 inscriptus
865 4268 911 4318 est
935 4265 1080 4336 Porphyrii
1105 4268 1210 4322 scholia
1231 4267 1376 4322 flam·

284 4361 477 4420 enemim.
500 4363 651 4434 equuus·
664 4363 734 4420 1833
752 4379 779 4432 p.
790 4361 885 4418 8-32.
