2994 5018
637 321 709 410 'ab

242 529 301 598 Est
321 533 423 616 igitur
445 553 571 598 summa
587 552 698 598 eorum
715 553 798 619 quae
813 532 981 618 hueusque
1000 532 1234 620 disputavimus

141 639 238 705 haec:
261 641 294 706 in
317 641 460 723 scholiis,
483 661 565 726 quae
588 649 764 726 supersunt
785 640 818 702 in
842 650 1012 728 poetarum
1031 641 1233 726 tragicorum

140 745 268 813 fabulas
303 757 334 814 ct
368 748 401 812 in
423 748 559 812 Homeri
593 748 735 812 carmina
768 749 964 836 conscripta,
989 749 1234 814 observationes

139 855 352 922 inveniuntur
368 857 408 922 ad
431 867 533 922 artem
555 857 713 944 poetieam
735 865 920 945 spectantes
943 879 1079 924 numero
1100 879 1233 944 paucae,

141 987 279 1050 quarum
301 966 424 1030 alterae
449 965 655 1030 consentiant
686 988 760 1030 cum
783 953 973 1032 Aristotelis
1002 966 1042 1030 de
1065 975 1134 1030 arte
1158 987 1234 1054 poe-

140 1075 205 1138 tica
227 1075 421 1163 praeceptis,
449 1076 571 1139 alterae
594 1097 636 1140 ex
667 1075 747 1162 ipsis
776 1073 845 1140 eius
877 1075 1062 1162 praeceptis
1089 1074 1234 1160 pendere

140 1183 324 1250 videantur.
345 1184 468 1271 primus
488 1185 574 1248 inter
594 1184 835 1268 grammaticos,
866 1183 906 1247 ad
937 1206 1032 1268 quern
1058 1183 1154 1248 certis
1177 1207 1252 1249 ve·-

142 1291 250 1376 stigiis
281 1291 438 1376 ducimur,
473 1293 710 1380 Aristophanes
735 1293 912 1378 Byzantius
934 1293 986 1362 de„
998 1304 1066 1358 arte
1090 1317 1108 1357 a
1130 1294 1235 1381 poetis

54 1397 65 1412 ”
142 1401 276 1486 tragicis
290 1398 572 1488 incomponendis
588 1402 703 1468 fabulis
726 1401 871 1486 adhibita
888 1404 1082 1468 observavit.
1103 1412 1235 1490 praeter

142 1509 273 1595 singula
295 1509 415 1576 iudicia
437 1511 472 1575 in
494 1511 696 1594 argumentis
718 1521 845 1576 servata
868 1511 937 1574 cius
964 1510 1171 1599 disciplinam
1194 1512 1232 1575 il-

141 1619 280 1683 lustrant
302 1619 336 1682 in
355 1619 489 1685 scholiis
504 1619 689 1706 Euripidcis
711 1619 812 1705 ipsius
827 1619 1067 1706 Aristophanis,
1086 1621 1119 1682 in
1142 1620 1234 1685 scho-

138 1726 193 1791 liis
215 1726 414 1812 Aescbyleis
430 1727 690 1812 Sophocleisque
703 1726 840 1812 Didymi
864 1728 1107 1792 observationes
1132 1737 1163 1791 et
1185 1749 1234 1792 re·

141 1857 215 1902 rum
236 1836 471 1922 explicatamm
494 1845 607 1900 natura
629 1844 662 1899 et
682 1835 812 1900 dicendi
835 1856 957 1919 genere
981 1835 1235 1923 Aristophaneis

139 1944 335 2010 simillimae.
357 1966 399 2008 ex
413 1942 548 2031 Didymi
563 1943 666 2030 copiis
677 1945 783 2008 hausit
802 1943 968 2009 recentior
990 1944 1234 2029 grammaticus,

140 2054 197 2140 qui
219 2052 254 2118 iu
275 2053 388 2141 paucis
412 2052 675 2118 observationum
698 2052 875 2136 generibus
899 2052 985 2117 vires
1003 2075 1077 2116 suas
1099 2049 1239 2118 exerce?

138 2172 201 2244 ret,
238 2160 349 2226 iudicii
385 2159 600 2246 perversitate
634 2182 700 2224 non
731 2159 836 2224 minus
865 2182 967 2246 quam
992 2160 1189 2225 verbositate
1214 2185 1234 2226 a

139 2269 286 2355 Didymo
317 2270 475 2334 diversus.
520 2291 594 2333 cum
632 2269 681 2334 his
715 2269 1001 2334 observationibus
1027 2268 1236 2334 consentiunt

139 2402 223 2464 quae
244 2379 285 2445 de
305 2388 374 2443 arte
393 2379 521 2465 poetica
546 2378 580 2442 in
603 2377 732 2442 scholiis
756 2377 942 2444 Homericis
967 2378 1173 2464 disputantur
1196 2399 1234 2441 eo

139 2487 353 2575 potissimum,
378 2487 661 2572 quodauctoribus
680 2497 828 2553 notarum
851 2487 992 2569 illarum,
1014 2486 1185 2552 Aristoteli
1202 2495 1234 2550 et

140 2595 338 2684 Porphyris,
361 2594 502 2658 carmina
518 2594 694 2660 Homerica
719 2606 793 2659 sunt
815 2618 874 2683 pro
898 2594 1088 2680 tragoediis.
1112 2605 1144 2660 et
1167 2595 1234 2659 cla-

138 2705 206 2770 rius
226 2704 356 2790 quidem
377 2704 501 2768 scholia
525 2703 899 2770 HomericaAristotelis
922 2697 1103 2769 doctrinam
1126 2725 1234 2767 sorva·
1305 2715 1309 2724 '

139 2822 225 2893 runt,
247 2812 400 2898 quoniam
416 2811 630 2898 Porphyrius,
653 2812 724 2898 ipse
747 2812 971 2900 philosophus,
993 2811 1231 2899 indisputatio·

139 2945 198 2987 nes
220 2945 293 2986 suas
315 2921 443 3006 integra
466 2921 670 3007 problemata
694 2921 870 2986 Homerica
892 2921 1027 3008 recepit,
1063 2943 1144 3007 quae
1173 2919 1233 2984 nisi

138 3029 239 3116 ipsius
271 3030 475 3114 Aristotelis,
506 3039 595 3095 certe
627 3031 813 3118 philosophi
839 3040 925 3112 sunt,
959 3029 1013 3116 qui
1045 3028 1257 3105 Aristotelia.¹

140 3148 315 3226 praecepta
336 3148 369 3202 et
390 3148 578 3226 aporemata
598 3139 632 3201 in
654 3148 807 3226 promptu
828 3138 978 3203 habuerit
1001 3147 1034 3202 et
1053 3148 1235 3204 numerato.
1310 3222 1323 3234 q

142 3277 300 3286 m—--
307 3279 337 3284 -.-

139 3337 351 3402 stonurrantur,
369 3344 404 3395 nd
416 3344 560 3395 discrimen
579 3344 706 3412 perducta
725 3343 872 3408 comoedia,
891 3343 1060 3410 praestruxit
1079 3341 1115 3393 nd
1134 3343 1234 3392 coitura

138 3443 257 3508 tabulae.
275 3438 303 3490 in
320 3441 400 3492 tanto
419 3455 555 3492 consensu
575 3439 720 3495 notionum
740 3437 873 3490 materias
894 3435 980 3490 ctiam
997 3453 1068 3504 quae
1088 3453 1104 3488 a
1123 3435 1234 3488 Donato

138 3538 301 3589 tractantur
320 3535 424 3600 similos
444 3551 503 3587 esse
525 3550 628 3597 aarum,
649 3532 765 3602 quasin
785 3531 898 3587 scholiis
910 3533 1018 3603 graecis
1034 3532 1159 3586 videmus
1179 3534 1235 3584 tra·
1294 3602 1297 3610 Ι

139 3635 240 3696 etates,
259 3631 307 3685 vix
325 3631 461 3700 estquod
479 3647 613 3684 moneam.
633 3631 668 3684 ad
687 3630 885 3684 declarandam
903 3629 975 3682 hanc
992 3645 1086 3681 rarum
1105 3628 1233 3682 similitu·

139 3727 234 3783 dinem
261 3727 290 3780 in
309 3726 475 3781 collectione
498 3726 679 3794 reliquiarum
706 3724 818 3778 scholiis
847 3724 955 3795 graecis
983 3723 1027 3777 hic
1052 3723 1110 3776 illic
1131 3723 1234 3777 Donati

140 3823 351 3879 observationes
370 3822 507 3876 subiunxi.
532 3858 535 3862 -
