3020 5020
543 1179 860 1309 rnonncomm

685 1497 724 1566 ,Ι

194 1733 198 1744 -
258 1687 312 1754 De
333 1695 402 1753 arte
423 1694 595 1775 poetarum
619 1669 819 1774 tragicorum
843 1685 1048 1754 Graecorum
1082 1685 1161 1774 quid
1183 1709 1254 1754 sen·

160 1797 261 1863 serint
283 1797 523 1881 iudicarintque
539 1805 668 1860 veteres
691 1796 907 1880 grammatici,
931 1793 972 1861 de
993 1795 1146 1872 universa
1167 1796 1252 1886 scili·

159 1915 212 1972 cet
228 1905 415 1972 fabularum
431 1926 515 1991 quae
537 1903 657 1969 dicitur
674 1905 874 1989 oeconomia,
891 1902 932 1970 de
946 1905 1150 1990 singularum
1166 1927 1254 1972 scae·

158 2038 274 2082 narum
290 2015 533 2104 ‚compositione
553 2035 731 2101 earumque
748 2013 835 2081 inter
857 2038 891 2081 se
915 2037 1014 2098 nexu,
1039 2002 1080 2081 de
1102 2037 1254 2103 persona·

158 2148 232 2191 rum
253 2124 366 2190 indole
389 2123 610 2209 moribusque,
642 2123 684 2189 de
710 2133 825 2190 natura
852 2134 885 2189 et
913 2124 1061 2209 veritate,
1092 2146 1188 2210 quam
1220 2115 1254 2189 in

159 2231 379 2322 depingendis
396 2233 562 2297 hominum
581 2233 724 2297 moribus
739 2232 945 2298 imitarentur
962 2233 1253 2319 exprimerentque

160 2355 288 2434 poetae,
324 2343 366 2410 de
398 2343 594 2432 praestantia
625 2341 768 2430 denique
799 2342 982 2408 dramatum
1016 2365 1195 2430 eorumque
1221 2343 1254 2406 in

161 2463 363 2542 spectatores
385 2452 418 2518 vi
443 2463 475 2517 et
497 2453 627 2537 effectu,
655 2453 697 2518 de
721 2451 771 2519 his
793 2453 891 2518 rebus
915 2451 992 2536 quid
1019 2451 1258 2539 disputaverint

102 2621 108 2628 .
160 2573 290 2628 veteres
304 2561 545 2646 tragoediarum
557 2563 766 2650 interpretes,
782 2561 868 2626 unde
881 2581 1085 2646 cognoscere
1101 2582 1256 2644 queamus

161 2669 347 2759 paucissimi
382 2679 495 2736 extant
527 2671 637 2735 fontes
664 2669 763 2755 iique,
799 2679 836 2734 ut
858 2669 1014 2754 reliquias
1045 2668 1256 2756 perlustranti

160 2781 268 2867 primo
298 2779 404 2844 videri
439 2789 547 2868 potest
579 2787 733 2866 aspectu,
773 2787 822 2843 sat
859 2777 966 2844 exiles
1007 2786 1104 2862 atque
1135 2776 1258 2862 exigui,

161 2873 286 2954 scholia
306 2887 381 2954 dico
403 2899 435 2956 et
456 2898 651 2974 argumenta
673 2889 865 2954 fabularum.
904 2887 1107 2952 scholiorum
1129 2885 1164 2949 in
1186 2907 1257 2950 cor-

133 3055 136 3062 .
160 3019 253 3086 pore,
276 3008 313 3063 ut
335 2997 433 3064 hodic
449 3008 548 3082 extat,
569 2997 853 3064 observationibus
869 2995 993 3062 criticis
1008 2994 1160 3082 mythicis
1177 3018 1256 3082 geo·
1320 3011 1323 3014 '

162 3106 329 3194 graphicis
351 3107 405 3171 hic
430 3108 499 3172 illic
524 3106 670 3172 admixta
696 3106 908 3172 inveniuntur
937 3104 1067 3188 iudicia,
1102 3127 1185 3191 quae
1218 3105 1259 3170 ad

162 3225 265 3281 artam
287 3225 438 3307 spectant
460 3240 478 3280 a
501 3216 605 3304 poetis
627 3215 760 3300 tragicis
783 3214 971 3296 adhibitam,
996 3236 1055 3302 pro
1077 3225 1258 3280 ceterarum

162 3324 426 3390 observationum
451 3347 588 3404 numero
613 3325 788 3390 admodum
810 3347 894 3390 rara.
918 3323 1009 3389 varia
1033 3323 1150 3388 horum
1175 3323 1258 3388 iudi·

160 3431 289 3526 ciorum
309 3433 393 3500 ratio
418 3444 465 3500 est
486 3435 519 3499 in
541 3433 640 3498 variis
663 3434 768 3521 poetis
783 3443 815 3498 et
830 3431 973 3498 scholiis.
998 3432 1100 3517 longe
1118 3433 1259 3519 plurima

163 3551 278 3607 extant
299 3541 333 3607 in
356 3542 522 3606 veteribus
544 3540 675 3606 scholiis
698 3541 905 3628 Sophocleis,
928 3541 1031 3605 multo
1052 3541 1205 3626 pauciora
1226 3539 1261 3605 in

162 3659 254 3716 vasta
268 3650 468 3716 scholiorum
481 3648 734 3740 Euripideorum
756 3649 911 3732 colluvie,
929 3648 1123 3736 paucissima
1139 3649 1174 3714 in
1192 3648 1260 3714 exi·

161 3758 237 3846 guis
259 3758 392 3826 scholiis
410 3758 626 3848 Aeschylus,
647 3759 737 3824 nulla
758 3747 828 3824 fere
852 3761 887 3823 in
909 3757 1104 3845 Byzantinis
1127 3757 1260 3824 scholiis

163 3878 228 3935 tam
243 3868 403 3956 Aeschyli
419 3892 514 3955 quam
530 3868 705 3955 Sophoclis
718 3872 738 3934 ¹.
763 3868 867 3934 nihilo
890 3869 1008 3934 melius
1031 3889 1084 3934 res
1106 3889 1141 3934 se
1163 3867 1260 3958 habet

264 4091 278 4141 l
304 4086 416 4144 Scholia
439 4087 469 4141 in
487 4088 705 4158 Aristophanem
727 4087 818 4142 nullas
836 4087 975 4156 praebent
994 4082 1203 4140 observationes
1221 4082 1258 4137 de

162 4189 224 4240 arte
241 4183 270 4238 in
280 4184 480 4253 compositione
493 4185 618 4255 ipserum
627 4184 834 4240 comoediarum
846 4182 1004 4252 conspicua,
1013 4179 1158 4254 ,nonnulla
1166 4182 1261 4233 tamen

161 4281 192 4335 in
210 4281 244 4336 iis
264 4281 329 4336 data
348 4281 493 4336 occasione
512 4281 655 4350 disputata
683 4284 748 4335 sunt
764 4279 800 4335 de
817 4277 961 4350 Euripidis
980 4275 1165 4345 Aeschylique
1191 4281 1260 4342 arte,

164 4393 235 4446 quae
255 4395 305 4432 suo
325 4377 387 4432 loco
409 4377 531 4433 afferam.

1061 4469 1075 4521 l
