3020 5020
658 367 700 432 23

131 554 262 620 codices
284 564 362 638 tres,
395 553 511 640 quihus
533 575 611 618 usus
638 560 688 616 est
713 549 915 646 Dindorfius,
937 550 1102 638 inpriore
1126 571 1227 616 enun-

129 663 200 730 tiati
224 675 316 752 parte
339 686 473 752 prorsus
498 661 707 730 consentiunt
728 661 865 758 cum'A,
896 682 957 748 pro
980 659 1169 746 προλογίζει
1191 658 1228 727 δὲ

126 765 306 860 ἡἈδηνᾶ
334 772 473 840 habent:
510 768 687 854 δαιμονίως
718 769 755 836 δὲ
784 766 931 858 εἰσφέρει
969 767 1230 856 προλογίζσυσαν
1341 787 1343 794 ’

125 877 187 969 τὴν
211 875 363 969 Ἀθηνᾶν.
419 872 586 948 ἀπίθανον
614 875 674 965 γὰρ
700 873 758 948 τὸν
779 873 912 944 Αἰἓιντα
939 872 1101 962 προϊόντα
1122 875 1230 945 εἰπεῖν

126 991 209 1076 περὶ
229 993 296 1056 τῶν
316 985 405 1078 αὑτῷ
432 988 680 1076 πεπραγμένων,
719 983 833 1078 ὥσπερ
868 987 1072 1074 ἒξεδδνχοντα
1093 983 1229 1055 ἑαυτόν·

126 1091 205 1168 οὐδὲ
229 1094 293 1188 μὴν
323 1094 435 1185 ἕτερός
467 1123 517 1178 τις
547 1091 708 1187 ἠπίστατο
740 1093 782 1164 τὰ
808 1101 951 1178 τοιαῦτα,
984 1097 1018 1164 ἐν
1048 1087 1228 1184 δτιορρήτηι

125 1209 183 1276 καὶ
203 1204 318 1288 νυκτὸς
346 1212 406 1276 τοῦ
427 1204 578 1287 Αἴαντος
604 1201 792 1292 δράσαντος.
841 1209 927 1274 θεοῦ
958 1192 1016 1274 οὖν
1043 1193 1083 1293 ἦν
1103 1200 1143 1272 τδ
1164 1228 1229 1272 τοι·

127 1320 227 1386 οὕτον
250 1319 461 1407 διασαφῆσαι,
494 1317 548 1383 καὶ
577 1310 723 1404 Ἀθηνᾶς
758 1314 1004 1403 προαιρουμένης
1031 1318 1091 1382 τοῦ
1121 1307 1231 1383 Ὀδυσ-

126 1427 224 1512 σέως,
246 1423 297 1496 διό
321 1452 404 1518 φησι
421 1424 487 1494 ζκαὶ
508 1421 611 1494 πάλαι
630 1421 739 1516 φύλαξ
765 1422 844 1513 ἔβην
863 1428 903 1513 τῆ
922 1427 963 1515 σῇ
983 1419 1162 1509 πρόδομος
1183 1420 1231 1502 εἰς

128 1531 209 1604 ὖδδν
230 1529 382 1626 serapia?
424 1560 503 1603 num
522 1538 604 1604 haec
622 1536 687 1601 iam
701 1535 942 1624 Aristophanes
957 1541 1152 1620 argumento
1171 1554 1229 1598 suo

127 1645 295 1712 addiderit
309 1646 408 1713 hodie
426 1645 498 1713 erui
513 1646 636 1732 nequit.
657 1646 721 1712 hoe
739 1653 848 1711 tamon
870 1644 1085 1711 certissimum
1108 1649 1167 1728 est,
1189 1664 1232 1708 ex

127 1756 202 1824 eins
222 1764 300 1822 nota
321 1766 426 1822 ortam
447 1777 520 1822 esse
542 1756 631 1822 illam
656 1755 906 1845 expositionem,
929 1765 1002 1822 eu'm
1025 1761 1126 1820 totam
1145 1752 1230 1818 hanc

128 1864 356 1951 quaestionem
368 1865 520 1935 movisse.
544 1874 577 1931 et
598 1864 655 1952 qui
666 1865 806 1932 moverit
816 1863 1049 1952 quaestionem,
1069 1862 1143 1949 quis
1158 1869 1230 1949 pot·

129 1982 181 2040 est
204 1973 299 2056 scire,
324 1975 478 2061 quantum
503 1973 593 2039 idem
615 1972 790 2040 contulerit
810 1972 853 2038 ad
874 1993 947 2037 eam
969 1970 1188 2038 solvendam?

231 2080 366 2148 Maioris
380 2080 476 2147 etiam
494 2080 661 2163 momenti,
683 2101 780 2165 quam
795 2100 934 2146 scaenae
956 2087 989 2145 et
1009 2099 1225 2167 personarum

130 2183 326 2273 notationes,
349 2211 432 2275 quac
454 2198 609 2275 quantum
623 2188 787 2256 valuerint
807 2189 842 2256 in
855 2187 982 2256 scholia
1003 2185 1231 2276 componenda

129 2321 210 2364 mox
243 2299 429 2388 apparebit,
469 2309 581 2365 nostro
616 2299 784 2387 proposito
819 2299 891 2386 ipsa
925 2307 1000 2364 sunt
1041 2297 1083 2364 de
1114 2318 1230 2385 prae·
1296 2351 1308 2364 ,

130 2406 293 2472 stantia
324 2405 567 2472 fabularum
595 2405 782 2490 iudicia,
812 2428 895 2491 quae
916 2405 1160 2493 Aristophanes
1181 2427 1233 2472 ar-

130 2514 299 2602 gumentis
323 2515 390 2582 suis
411 2515 597 2598 immiscuit,
620 2513 771 2582 breviora
792 2516 904 2600 altera,
933 2517 1036 2582 ultera
1062 2516 1231 2604 ampliora.

129 2624 285 2692 breviora
307 2624 428 2690 iudicia
454 2634 543 2690 certa
564 2623 701 2710 quadam
725 2624 951 2712 constantique
972 2624 1121 2709 formula,
1143 2624 1231 2712 quod

128 2734 165 2799 in
187 2733 412 2822 Aristophane
446 2755 513 2800 non
544 2734 670 2815 mirum,
691 2734 821 2822 prolata
852 2755 924 2800 esse
945 2733 1100 2800 videntur
1126 2733 1172 2800 ite
1195 2744 1231 2802 ut

132 2840 278 2927 quamde
291 2841 438 2908 dramate
460 2841 683 2930 praedicanda
701 2852 813 2908 essent
834 2864 910 2909 casu
928 2841 1080 2927 genetivo
1103 2840 1231 2908 numeri

76 3033 81 3040 ι
132 2948 272 3035 pluralis
306 2949 578 3036 exprimerentur.
629 2950 677 3015 sic
706 2950 848 3036 legimus
880 2950 915 3017 in
947 2972 1073 3036 argum.
1094 2950 1232 3040 Hippol.

131 3057 243 3142 (XIX)
265 3052 306 3125 τδ
325 3057 362 3124 δὲ
383 3059 490 3143 δρᾶμα
510 3061 577 3124 τῶν
599 3053 753 3144 πρώτων,
781 3059 816 3124 in
838 3082 909 3144 arg.
931 3059 1090 3126 Androm.
1111 3061 1172 3146 (X)
1191 3056 1230 3126 τδ

131 3167 168 3234 δὲ
188 3167 297 3252 δρᾶμα
316 3169 383 3232 τῶν
415 3166 591 3252 δευτέρων,
622 3167 657 3233 in
686 3191 758 3255 arg.
786 3167 844 3236 Or.
864 3167 941 3254 (VI)
974 3163 1013 3236 τὸ
1037 3169 1144 3255 δρᾶμα
1165 3171 1232 3235 τῶν
1245 3177 1305 3236 Ἄ

130 3277 189 3346 ἐπὶ
223 3281 342 3366 σκηνῆς
369 3269 640 3363 εὐδοκιμούντων.
693 3277 808 3344 similis
842 3277 1003 3364 quaedam
1035 3277 1177 3344 formula
1199 3279 1233 3344 in
1278 3360 1281 3366 Ι

130 3387 266 3458 Salustii
295 3395 489 3472 argumento
522 3386 713 3472 Antigonae
751 3386 876 3472 legitur
897 3381 936 3453 τὸ
958 3385 1018 3470 μὲν
1037 3387 1145 3472 δρᾶμα
1166 3390 1233 3453 τῶν

130 3495 312 3564 καλλίσταν
325 3495 535 3585 Σοφοκλέους
548 3501 584 3562 ⁸⁶.
633 3517 700 3562 non
720 3494 879 3561 inutiliter
905 3495 982 3561 cum
1005 3496 1159 3563 brevibus
1181 3497 1232 3564 his

131 3605 174 3672 do
200 3605 383 3672 carminum
411 3605 533 3671 virtute
563 3604 845 3672 observationibus
874 3614 1116 3692 comparantur,
1146 3627 1230 3692 quae

131 3714 167 3782 in
188 3712 354 3790 nonnullis
376 3712 576 3798 argumentis
599 3711 845 3780 comoediarum
859 3713 1090 3801 Aristophanis
1112 3714 1155 3782 de
1174 3736 1228 3783 ea-

238 3969 273 4022 36
292 3966 370 4035 Quae
387 3966 416 4022 in
428 3966 543 4024 Salustii
556 3970 722 4039 argumento
742 3967 777 4023 de
794 3967 890 4038 mytho
901 3966 1060 4039 Antigonae
1078 3971 1235 4038 sequuntur
1324 4017 1338 4026 ,Δ
1436 4039 1440 4048 Ι

130 4061 167 4118 ab
184 4062 248 4118 eliis
265 4063 359 4134 poetis
377 4063 460 4118 aliter
486 4067 600 4119 narrato
630 4066 660 4119 st
683 4066 819 4118 exornato
843 4064 948 4118 nullam
974 4063 1077 4120 habent
1099 4081 1163 4120 oum
1180 4063 1230 4120 illo

130 4159 167 4216 ds
184 4159 360 4230 praestantia
383 4159 494 4218 subules
521 4159 625 4216 iudicio
651 4160 893 4228 necessitudinem,
921 4179 1006 4232 quare
1028 4149 1135 4218 temere
1161 4161 1230 4216 mihi

130 4255 265 4314 videntur
281 4259 448 4328 argumenta
455 4257 651 4330 Aristophanis
668 4257 837 4330 Salustiique
855 4258 916 4314 inh
934 4276 994 4316 esse
1012 4261 1121 4316 secreta
1138 4258 1168 4313 et
1179 4257 1230 4314 Sa-

130 4353 210 4408 lustii
226 4369 330 4410 nomen
346 4356 412 4426 post
427 4353 499 4410 illud
515 4353 650 4412 iudicium
671 4354 841 4428 ponendum.
