3020 5020
182 528 267 599 νάων
283 536 385 624 βουλῇ
407 528 618 615 Ἀπόλλωνος
638 537 834 623 παρεγένετο
857 535 904 616 εἰς
924 529 1067 626 Ἀθήνας
1096 536 1143 617 είς
1168 537 1207 604 τδ
1231 533 1277 604 ίε-

182 642 240 726 ρδν
267 647 328 730 τῆς
351 637 510 731 Ἀθηνᾶς,
539 632 578 732 ἧς
607 647 709 735 βουλῇ
736 640 870 732 νικήσας
895 648 1060 733 κατῆλθεν
1087 637 1277 732 εἰς’Ἀργος.

180 752 238 832 τάς
257 752 293 820 δέ
314 746 460 840 Ἐρινύας
482 749 652 840 πραδνασα
670 751 936 842 προσηγόρευσεν
958 748 1161 840 Εὐμενίδας..

284 861 314 928 Β
356 868 435 950 παρ’
457 857 618 952 οὐδετέρῳ
638 870 742 932 κεῖται
764 861 784 953 ἡ
805 865 1004 950 μυθοποιία.

183 969 302 1038 desunt
322 971 491 1040 ODEFG.
534 983 537 992 ⁴

358 1085 397 1150 II
418 1096 649 1173 argumentum
673 1086 863 1170 Antigonae
885 1083 1102 1171 Sophoclem.

265 1182 522 1281 Ἀριστοφάνους
543 1194 792 1290 γραμματικοῦ.6
815 1187 982 1272 ὑπόθεσις
1001 1184 1194 1278 Ἀντιγόνης.

281 1302 313 1365 A
354 1295 521 1388 Ἀντιγόνη
538 1302 629 1388 παρά
642 1302 699 1390 τὴν
721 1298 901 1388 πρόσταξιν
915 1305 973 1389 τῆς
988 1297 1121 1379 πόλεως
1135 1295 1280 1385 θάφασα

182 1395 464 1496 τδνΠολυνείκην
485 1407 647 1500 ἐφωράθη
670 1411 724 1478 καί
747 1410 795 1490 είς
816 1415 975 1497 μνημεῖον
996 1405 1169 1497 κατάγειον
1192 1409 1279 1475 ἐντε-
1370 1461 1372 1466 .

183 1522 285 1585 θεῖσα
306 1515 397 1605 παρά
420 1523 483 1587 τοῦ
506 1519 671 1607 Κρέοντος
690 1514 856 1611 δνῄρηται.
888 1521 939 1609 ἐφ’
963 1506 984 1609 ᾗ
1003 1519 1057 1585 καί
1076 1519 1203 1602 Αἵμων
1223 1519 1280 1583 δυ-

183 1625 362 1716 σπαθήσας
382 1628 436 1696 διδ
456 1625 515 1696 τόν
542 1629 590 1709 εἰς
617 1623 718 1717 αότὴν
751 1627 858 1717 ἔρωτα
888 1630 976 1719 ξίφει
995 1625 1112 1695 ἑαυτόν
1133 1626 1280 1712 διεχειρί-

183 1758 274 1804 σατο.
299 1737 356 1805 έπί
377 1739 413 1806 δέ
431 1743 479 1827 τῷ
500 1723 628 1807 τούτου
640 1735 776 1828 θανάτῳ
797 1740 852 1806 καὶ
872 1736 892 1826 ἦ
913 1735 1019 1828 μήτηρ
1032 1731 1195 1824 Εὐρυδίκη
1207 1733 1281 1804 ἑαυ-

183 1845 243 1934 τήν
262 1838 377 1914 άνεῖλε.
1414 1879 1444 1930 q
1504 1847 1507 1853 “

286 1955 317 2020 Β
357 1961 462 2025 κεῖται
493 1954 723 2045 ἡμυθοποιία
745 1958 799 2023 καί
821 1956 913 2043 παρά
932 1947 1098 2042 Εὐριπίδη
1121 1955 1154 2022 ἐν
1176 1947 1282 2020 Ἀντι-

184 2059 279 2152 γόνῃ·
313 2065 399 2152 πλὴν
426 2066 493 2133 ἐκεῖ
519 2071 719 2156 φωραθεῖσα
747 2065 831 2151 μετά
857 2069 939 2133 τοῦῗ
971 2067 1128 2149 Αἵμονος
1155 2064 1282 2131 δίδοται

184 2170 272 2259 πρός
291 2169 395 2261 γάμου
419 2175 590 2241 κοινωνίαν
611 2176 665 2241 καί
686 2175 798 2242 τέκνον
818 2175 919 2242 τίκτει
938 2175 997 2242 τόν
1017 2176 1166 2259 Αἵμονα.

288 2279 315 2348 0
355 2281 456 2370 ἦμέν
486 2279 586 2371 σκηνή
612 2287 676 2350 τοῦ
699 2280 867 2371 δράματος
894 2280 1068 2351 ὑπόκειται
1098 2279 1133 2350 έν
1158 2278 1283 2370 Θήβαις

185 2399 258 2475 ταῖς
279 2398 485 2478 Βοιωτικαῖς.
531 2391 549 2466 ὁ
575 2394 612 2462 δὲ
633 2393 732 2481 χορδς
752 2395 942 2483 συνέστηκεν
968 2395 1005 2478 ἐξ
1025 2395 1210 2481 ἐπιχωρίων
1232 2418 1283 2481 γε·

120 2577 123 2582 ,
186 2500 319 2587 ρόντων.
360 2503 548 2590 προλογίζει
568 2500 588 2592 ἦ
610 2493 785 2592 Ἀντιγόνη.

290 2614 320 2681 G
363 2610 536 2681 ὑπόκειται
558 2597 656 2680 δὲτὰ
677 2610 851 2701 πράγματα
872 2614 1016 2681 ἐπὶτῶν
1038 2613 1203 2699 Κρίσπος
1224 2617 1280 2697 βα-

186 2721 325 2791 σιλείιον.
348 2718 387 2789 τδ
404 2722 440 2790 δέ
453 2719 631 2812 κεφάλαιόν
653 2723 721 2790 ἐστι
733 2719 843 2814 τάφος
855 2723 1085 2806 Πολυνείκους,
1100 2715 1284 2809 Ἀντιγόνης

185 2824 357 2918 άνοίρεσις,
379 2827 528 2911 θάνατος
550 2833 705 2917 Αἵμονος
727 2833 783 2899 καὶ
803 2828 906 2919 μόρος
927 2825 1108 2919 Εόρυδίκης
1129 2835 1189 2919 τῆς
1214 2829 1285 2896 Αἵ·
1391 2875 1395 2884 ·

186 2967 288 3026 μονος
307 2937 440 3028 μητρός.

291 3050 322 3115 F
361 3049 443 3138 φασὶ
464 3048 500 3117 δέ
522 3047 581 3122 τόν
589 3050 761 3138 Σοφοκλέα
774 3041 938 3137 ἠξιῶσθαι
952 3052 1013 3136 τῆς
1028 3049 1061 3116 ἐν
1071 3044 1172 3136 Σάμῳ
1187 3070 1285 3134 στρα-

186 3159 306 3246 τηγίας,
326 3151 589 3246 εὐδοκιμήσαντα
610 3157 643 3225 ἑν
663 3161 704 3248 τῇ
725 3157 916 3246 διδασκαλίᾳ
937 3159 996 3246 τῆς
1015 3149 1210 3244 Ἀντιγόνης.

287 3267 319 3334 Ε
360 3267 528 3334 λέλεκται8
548 3265 585 3333 δὲ
606 3266 645 3332 τό
668 3268 779 3354 δράμα
792 3270 890 3334 τοῦτο
904 3262 1099 3351 τριακοστόν
1121 3263 1305 3351 δεύτερον.-

188 3377 283 3444 deest
304 3376 337 3442 D
358 3387 495 3444 tantum.
1188 3361 1190 3366 '

386 3486 439 3551 III
460 3494 689 3570 argumentum
712 3483 851 3552 Medeae
874 3485 1085 3574 Euripideum

372 3587 634 3680 Ἀριστοφάνους
655 3597 882 3679 γραμματικοῦ
887 3594 906 3636 '⁹
926 3589 1101 3674 ὑπόθεσις.

180 3745 184 3754 ·
287 3706 320 3769 A
364 3699 497 3785 Μήδεια
520 3699 575 3770 διά
598 3701 655 3789 τὴν
676 3699 762 3788 πρδς
782 3695 908 3770 Ἰάσονα
927 3700 1061 3789 ἔχθραν,
1093 3706 1141 3791 τῷ
1161 3703 1285 3772 ἐκεῖνον

188 3812 397 3900 γεγαμηκέναι
417 3807 562 3899 Ιλαόκην
579 3810 638 3900 τὴν
653 3813 819 3898 Κρέοντος
839 3811 1014 3898 θυγατέρα,
1035 3806 1204 3882 ἀπέκτεινε
1226 3812 1285 3899 μέν

288 3979 305 4030 6
325 3977 433 4032 Nomen
451 3980 530 4057 uxtat
546 3976 576 4030 in
592 3975 654 4032 eod.
672 3975 755 4031 Laut.
1158 4041 1162 4050 ἱ

288 4075 304 4125 7
325 4072 381 4128 Pro
399 4071 470 4146 μετά
488 4075 535 4148 τοῦ
553 4079 678 4147 Αἵμονος
698 4075 728 4132 Ο.
738 4074 850 4130 Iahnius
868 4073 938 4148 μετά
956 4075 1035 4130 τοῦτο
1053 4080 1185 4148 Αἴμονος.

289 4171 306 4224 8
326 4169 493 4224 Δεδλδαιιται
513 4169 653 4226 Vuenorus
671 4169 775 4226 comto
793 4170 901 4227 scholio
919 4170 987 4226 Eur.
1006 4169 1094 4228 Andr.
1113 4171 1166 4225 446
1184 4189 1212 4242 p.
1232 4173 1285 4227 288

189 4263 287 4320 Cobet.
305 4259 338 4318 οὗ
355 4263 524 4335 δεδίδαιιιαι]
544 4261 575 4319 οὗ
593 4265 728 4321 δέδεικται
747 4264 866 4322 uodioos.

290 4361 307 4415 9
323 4361 432 4418 Nomen
448 4361 645 4432 Am'stophanis
664 4362 770 4434 legitur
787 4362 817 4418 iu
835 4363 884 4418 BH
903 4365 933 4418 ελ
949 4362 1009 4417 Pul.
1030 4363 1090 4416 287.
