3020 5020
805 363 847 428 20
931 415 933 420 .

251 541 257 550 ’
379 547 433 614 Ex
454 547 591 629 ratione,
614 566 697 632 quae
728 543 813 610 inter
843 543 988 631 singulas
1010 551 1277 630 argumentorum
1303 565 1375 631 par·

241 700 244 710 2
279 667 328 723 tes
350 655 533 741 intercedit,
554 656 589 721 in
610 653 800 720 universum
830 655 969 720 fortasse
999 652 1159 737 colligere
1188 653 1276 735 licet,
1309 674 1373 740 quo

279 766 415 832 consilio
438 777 472 832 et
493 787 588 853 quem
619 764 652 828 iu
682 763 782 829 finem
812 761 971 848 sequioris
1003 763 1075 828 aevi
1097 762 1301 849 grammatici
1323 761 1372 827 usi

278 875 343 942 sint
363 874 596 962 Aristophanis
629 871 841 960 argumentis.
895 893 978 956 quae
1008 893 1082 937 cnm
1113 880 1222 936 essent
1245 869 1374 936 condita

261 967 319 1050 ¹sd
343 1005 457 1050 omnes
487 1005 540 1048 res
574 982 794 1063 illustrandas,
823 1002 906 1064 quae
938 1002 1014 1044 non·
1035 980 1140 1044 solum
1162 978 1225 1068 ipsi
1245 979 1374 1045 fabulae

279 1081 525 1176 intellegendae
557 1089 759 1156 necessariae
782 1098 903 1172 essent,
932 1085 1061 1153 sed'ad
1089 1097 1256 1154 externam
1277 1087 1373 1154 etiam

233 1233 238 1240 ·
279 1201 463 1267 dramatum
497 1197 665 1265 historiam
698 1219 876 1283 eorumque
898 1198 1034 1262 virtutes
1061 1197 1184 1263 rectius
1205 1195 1374 1262 aestimen-

279 1310 337 1374 das
351 1309 565 1398 pertinerent,
586 1306 637 1371 isti
662 1307 719 1370 has
740 1328 791 1383 res
811 1328 926 1394 parum
943 1295 1097 1372 videntur
1120 1327 1249 1371 curasse
1272 1313 1306 1370 et
1319 1326 1374 1370 ess

276 1418 363 1484 solas
380 1440 422 1483 ex
433 1415 634 1502 argumentis
647 1415 856 1502 excripsisse,
867 1437 950 1501 quae
961 1415 1088 1482 fabulas
1099 1415 1238 1502 primum
1251 1413 1374 1500 legenti

278 1527 488 1610 inservirent,
519 1544 694 1591 scaenae
722 1522 1060 1609 descriptionem
1088 1523 1163 1590 dico
1186 1532 1219 1588 et
1238 1521 1373 1606 mythi

275 1633 467 1700 enarrati
477 1655 598 1700 onem.
630 1642 662 1698 at
675 1655 717 1698 ne
734 1634 816 1700 haec
831 1632 964 1718 quidem
979 1634 1100 1700 intacta
1121 1641 1303 1698 servarunt.
1332 1629 1374 1694 de

279 1743 410 1809 fabulae
430 1743 637 1810 enarratione
659 1763 712 1808 res
733 1752 783 1806 est
804 1739 971 1807 diffieilior
992 1741 1184 1824 diiudicatu,
1206 1763 1280 1806 cum
1302 1742 1373 1806 bre-

277 1871 336 1915 ves
356 1849 422 1916 sint
446 1860 480 1915 et
501 1849 707 1916 membratim
731 1847 881 1916 concisae
898 1848 1087 1936 pleraeque,
1111 1848 1145 1913 in
1166 1848 1237 1914 aliis
1261 1847 1372 1937 paullo

275 1959 378 2026 insius
401 1969 434 2024 et
456 1958 617 2047 copiosius
638 1979 692 2024 res
713 1959 942 2046 explanantur,
967 1979 1067 2044 quare
1089 1957 1222 2024 dubium
1252 1967 1371 2040 manet,

275 2078 432 2155 quantum
465 2067 500 2133 in
532 2065 770 2154 amplificandis
804 2065 1078 2132 contrahendisve
1115 2067 1372 2134 enarrationibus

274 2175 514 2264 grammaticis,
544 2185 699 2260 quantum
734 2173 950 2260 Aristophani
990 2173 1031 2240 sit
1064 2173 1284 2242 tribuendum.
1339 2175 1372 2242 in

275 2306 414 2352 scaenae
436 2294 544 2349 autem
563 2305 844 2374 personarumque
875 2283 1095 2350 nomfionibus
1117 2296 1293 2373 supersunt
1314 2307 1372 2352 re-

275 2393 383 2481 stigia,
407 2415 490 2482 quae
521 2403 616 2460 extra
637 2415 768 2459 omnem
795 2403 918 2482 ponant
940 2391 1185 2474 dubitationem,
1214 2396 1293 2482 qnin
1314 2416 1371 2483 ge·

274 2503 395 2570 nuinae
416 2523 481 2570 non
503 2513 569 2568 tam
588 2504 707 2568 breves
728 2523 836 2588 neque
854 2502 937 2568 viles
958 2502 1091 2587 fuerint,
1122 2525 1217 2589 quam
1240 2505 1372 2592 plerae-

275 2635 339 2699 que
360 2611 459 2679 hodie
492 2621 615 2678 ostam.
658 2613 767 2678 locum
797 2612 940 2697 quidem,
961 2611 1016 2676 ubi
1036 2612 1147 2679 fabula
1167 2613 1287 2701 agitur,
1307 2613 1370 2682 nisi

273 2722 385 2813 paucis
408 2721 518 2789 verbis
540 2732 573 2787 et
595 2721 675 2788 mira
692 2721 831 2808 quadam
852 2721 1009 2804 omnium,
1033 2743 1116 2807 quae
1134 2723 1186 2788 vel
1207 2723 1370 2789 tantillum

274 2834 315 2898 ab
338 2832 409 2921 ipso
431 2831 577 2897 dramate
605 2830 832 2914 abhorrerent,
854 2852 965 2896 rerum
993 2831 1207 2918 neglegentia
1236 2854 1304 2899 non
1324 2833 1370 2898 ai·

274 2941 371 3008 detur
391 2949 539 3007 enatasse
552 2939 802 3028 Aristophanes.
843 2962 921 3007 nam
942 2939 976 3004 in
997 2939 1147 3029 plurimis
1167 2942 1370 3026 argumentis

272 3049 356 3116 nihil
378 3049 466 3114 aliud
488 3058 538 3114 est
561 3048 625 3114 nisi
645 3043 817 3116 ὑπόκειται
840 3045 978 3138 borgar}
1002 3047 1036 3116 ἒν
1059 3050 1204 3139 Δελφοῖς
1224 3047 1369 3134 (XXIV)

274 3156 308 3224 ἐν
321 3148 437 3244 ’Ἀργει
457 3157 588 3243 (XVII)
610 3155 645 3223 ir
667 3153 791 3244 Θήβαις
815 3157 920 3239 (XII),
952 3181 1026 3225 raro
1053 3157 1232 3226 accuratius
1255 3157 1369 3224 defini-

273 3277 327 3332 tur
348 3269 444 3350 urbs,
478 3279 513 3334 ut
540 3268 681 3354 legimus
717 3267 751 3335 ἐν
780 3263 904 3354 Θήβαις
934 3273 1007 3347 ταῖς
1035 3273 1234 3348 Βοιωτικαῖς
1255 3269 1314 3353 (Il)
1336 3279 1370 3336 et

273 3373 307 3440 ἐν
330 3380 452 3461 Φεραῖς
470 3379 530 3464 μιᾷ
549 3372 646 3444 πόλει
668 3381 725 3465 τῆς
739 3375 917 3455 Θετταλίας
937 3376 1028 3460 (IX),
1053 3389 1086 3443 et
1105 3379 1160 3444 vel
1177 3378 1210 3446 in
1233 3379 1272 3444 iis
1297 3377 1370 3444 dra·

274 3483 380 3568 matie,
399 3485 453 3550 ubi
478 3485 647 3553 difficilius
670 3497 720 3553 est
741 3487 887 3554 breviter
907 3486 1113 3573 adumbrato,
1143 3489 1196 3576 qui
1219 3490 1311 3555 locus
1334 3489 1369 3554 iu

271 3613 391 3659 scsens
410 3606 685 3682 repraesentetur,
712 3595 903 3682 gravissima
931 3617 1080 3682 quaeque
1110 3619 1169 3664 sex
1201 3608 1370 3686 septemve

271 3701 383 3766 verbis
405 3703 684 3789 perstringuntur,
707 3703 810 3769 veluti
836 3703 869 3768 in
885 3715 1080 3788 argumento
1093 3705 1249 3772 Hecubae
1274 3706 1369 3790 (XX)

272 3805 289 3896 r}
313 3807 412 3896 σκηνὴ
427 3813 486 3876 τοῦ
501 3805 666 3896 δράματος
688 3808 857 3880 ὑπόκειται
876 3814 911 3880 ἐν
929 3819 969 3904 τῇ
991 3807 1167 3899 ἀντιπέραν
1178 3818 1236 3900 τῆς
1250 3817 1370 3900 Τροίας

270 3911 482 4004 Χερρονήσῳ.
526 3941 626 3984 unum
652 3931 777 3986 tantum
795 3923 994 4012 exemplum,
1017 3923 1072 3987 ubi
1088 3945 1155 3988 non
1176 3921 1273 3990 modo
1287 3927 1366 3992 urbs

271 4025 331 4091 sed
352 4049 457 4114 pagus
481 4027 575 4092 etiam
599 4029 836 4117 templumque,
857 4030 944 4112 quod
963 4031 995 4095 in
1017 4052 1136 4096 scaena
1157 4033 1366 4122 conspicitur,

271 4133 472 4220 descriptum
507 4144 557 4200 est
590 4135 754 4202 invenitur
792 4135 826 4201 in
854 4149 1048 4224 argomento
1077 4139 1198 4230 Oedipi
1228 4139 1366 4210 Colonei
1455 4197 1462 4208 .

271 4242 370 4329 (Vll)
393 4238 413 4329 ἡ
436 4239 536 4330 σκηνὴ
556 4247 620 4310 τοῦ
634 4239 800 4329 δράματος
815 4241 986 4314 ὑπόκειται
1006 4245 1040 4312 ἐν
1056 4251 1096 4339 τῇ
1113 4241 1242 4340 Ἀττικῇ
1263 4249 1297 4316 ἐν
1319 4251 1366 4338 τῷ

267 4345 387 4438 Ἱππίῳ
412 4351 557 4440 Κολωνῷ
577 4347 663 4439 πρὸς
681 4355 729 4440 τῷ
752 4355 818 4440 ναῷ
837 4357 904 4420 τῶν
927 4359 1065 4440 σεμνῶν.
1118 4357 1174 4424 vix
1200 4367 1249 4424 est
1271 4357 1364 4426 dnbi-
