2994 5018
648 343 705 409 137

207 527 282 596 OT.
302 529 342 593 41
365 523 448 608 ίσως
467 528 504 595 δὲ
524 530 624 595 τοῦτο
647 523 753 596 εἰπεῖν
774 523 793 596 ὁ
813 522 994 614 ὑποκριτής
1013 527 1224 612 προσπίπτει

114 633 162 718 είς
185 633 268 717 τούς
288 631 396 716 πόδας
416 639 476 704 τοῖν
496 626 661 722 ίίρχοντος.

201 747 248 814 ib.
274 746 355 812 1297
381 742 465 824 ἰ’σως
487 741 520 812 οἱ
543 742 626 812 aava
657 742 715 812 τδν
736 741 838 831 χορδν
859 740 985 824 ἰδόντες
1003 741 1223 834 ἀπεστράφη-

71 856 77 866 ’
117 878 179 922 σαν
199 851 246 942 μὴ
269 849 447 938 δυνάμενοι
467 848 663 922 θεάσασθαι
686 850 725 921 τδ
748 849 874 934 πάθος.

201 964 276 1033 OC.
303 965 382 1030 1547
406 956 445 1030 οδ
472 963 584 1030 πταίει
611 960 841 1051 δίποκριτὴς,
862 956 931 1030 ἄλλ’
954 956 1057 1044 εὐθυς
1079 955 1252 1046 &naccam

119 1067 237 1162 ὥσπερ
261 1061 422 1160 ἀγόμενος
443 1069 510 1141 ὑπὸ
533 1077 596 1141 τοῦ
618 1077 715 1141 θεοῦ.
744 1140 746 1144 ,

554 1313 792 1388 ΡΗΤΟΡΙΚΑ

200 1558 298 1623 Eum.
321 1557 383 1623 586
406 1553 489 1636 ἔπος
511 1550 687 1641 δ’ἆμείβου
709 1552 795 1642 πρὸς
818 1553 917 1635 λ’ποςε
942 1559 1123 1643 ρητορικαῖς
1143 1579 1222 1621 πυν-
1325 1535 1364 1620 Υ

117 1663 303 1733 θάνονται·
326 1661 356 1732 εί
377 1665 437 1750 μὲν
457 1662 633 1752 ὁμολογοίη
649 1657 846 1744 ὑπεύθυνος
858 1661 961 1749 ἔσται,
980 1663 1010 1732 εἰ
1030 1665 1066 1733 δὲ
1086 1656 1221 1750 οῖρνοῖτο

117 1771 365 1864 ἐλεγχθήσεται.
458 1809 461 1816 ’
1236 1791 1269 1843 10

203 1885 277 1953 00.
289 1885 351 1952 939
373 1881 434 1973 τήν
456 1885 627 1972 ρητορείαν
648 1876 894 1976 παραφύλαξον,
915 1883 945 1955 εί
966 1890 1033 1954 ταῖν
1053 1886 1112 1972 μὲν
1124 1912 1222 1974 κατη-

118 1993 332 2078 γορηθέντων
351 1986 456 2060 αὐτοῦ
478 1987 541 2075 οὔχ
561 1989 697 2079 ἅψεται,
729 1993 823 2060 καινοὶ
849 1994 885 2061 δέ
912 2019 983 2062 τινα
1004 1990 1221 2083 ἐνθυμήματα

118 2101 171 2167 καί
192 2098 281 2168 πάνυ
303 2093 419 2190 εὔλογα
440 2103 634 2189 ἐξευρίσκων
654 2095 791 2188 ἀντερεῖ.
1042 2099 1045 2106 ’

202 2211 328 2278 Eiectr.
343 2211 406 2278 558
430 2207 476 2291 αῖς
498 2206 606 2299 ρήτωρ
628 2213 748 2278 διεῖλεν
770 2210 818 2291 είς
844 2205 1005 2301 κεφάλαια
1027 2208 1086 2279 τὸν
1113 2207 1220 2298 λόγον·

118 2317 172 2384 καί
192 2323 332 2406 πρῶτον
351 2316 530 2410 κεφάλαιον
552 2318 604 2389 ὅτι
622 2316 720 2389 ου’δὲν
735 2316 965 2406 χαλεπώτερον
982 2317 1115 2401 τούτου,
1139 2317 1176 2387 εἴ
1185 2345 1220 2408 γε
1236 2340 1269 2393 15

120 2427 266 2511 δικαίως·
289 2424 452 2515 δεύτερον,
474 2426 525 2497 ὅτι
541 2423 584 2497 οδ
595 2431 739 2514 δικαίως,
761 2423 843 2496 ἄλλοί
857 2434 1039 2498 πεισθεῖσα
1050 2427 1221 2519 Αἰγίσθῳ·

119 2536 265 2606 δείκνυσι
286 2539 331 2620 δὲ,
363 2535 414 2605 ὅτι
434 2531 597 2618 ἀκουσίως
618 2537 637 2606 ὁ
659 2532 868 2626 Ἀγαμέμνων
889 2535 1012 2606 ἔθυσεν
1032 2535 1091 2626 τὴν
1111 2531 1220 2628 Ἰφιγέ-

121 2670 209 2713 νειαν
229 2649 264 2716 ἐν
285 2653 325 2740 τῇ
346 2642 481 2718 Αὐλίδι.

206 2759 280 2826 OO.
304 2761 386 2825 1254
406 2754 681 2847 παραφυλάττετε
703 2753 802 2823 πάλιν
825 2753 886 2845 τήν
913 2757 1026 2844 τέχνην
1043 2762 1105 2844 τῆς
1124 2783 1218 2844 ρητο-

121 2865 212 2949 ρείας
244 2859 360 2952 αὐτοῦ,
393 2865 445 2935 ὅτι
474 2861 535 2934 οὐκ·
568 2860 697 2946 εὐθέως
726 2867 783 2933 ε’πί
814 2863 873 2954 τὴν
903 2862 1071 2935 ὑπόδεσιν
1103 2863 1220 2935 ἑαυτοῦ
1233 2886 1268 2938 20

121 2967 264 3065 α’παντᾷ,
290 2973 374 3043 atta
396 2972 695 3063 προκατασκευάζει
714 2972 755 3041 τὰ
780 2972 840 3043 ὅλα
859 2972 907 3055 είς
929 2965 1070 3042 εἷίνοιαν.

206 3080 445 3172 Ansig.164‹5
476 3085 512 3151 δὲ
542 3078 640 3169 λόγος
669 3077 738 3150 ἐστὶ
766 3083 835 3168 μὲν
853 3085 907 3150 καὶ
936 3080 1132 3171 σημαντικός
1160 3087 1220 3152 τοῦ

122 3189 325 3281 πράγματος,
353 3194 422 3262 ἐστὶ
451 3193 487 3260 δὲ
517 3193 572 3258 καί
591 3187 752 3274 τεχνικός·
787 3187 978 3278 ἐγκωμιάζει
998 3190 1058 3280 γὰρ
1085 3195 1220 3278 πρῶτον

211 3402 298 3458 ‘Ihaa
315 3408 399 3458 notae
423 3419 492 3457 num
517 3404 609 3458 eidem
634 3403 799 3474 disciplinae
822 3405 962 3476 originem
990 3405 1113 3460 debeant
1134 3407 1219 3475 atque

123 3511 193 3562 quaa
211 3499 247 3553 ad
267 3503 357 3553 artem
375 3498 512 3568 tragicam
529 3503 658 3568 spectant
675 3516 733 3553 non
752 3499 841 3555 audeo
860 3499 985 3557 definire.
1004 3501 1075 3554 nihil
1092 3501 1127 3554 iis
1145 3501 1220 3556 inest

122 3607 213 3662 neque
229 3595 258 3649 in
277 3595 388 3650 dicandi
409 3611 512 3666 genere
530 3611 621 3663 neque
640 3595 669 3648 in
683 3596 809 3651 materiis
822 3598 882 3650 tam
892 3597 1047 3666 proprium,
1065 3600 1098 3652 ut
1110 3601 1218 3652 certum

122 3685 188 3745 inde
205 3697 348 3747 auctorem
366 3710 499 3762 queamus
517 3708 696 3764 cognoscere.
718 3691 848 3747 videntur
866 3692 936 3748 mihi
949 3692 1072 3748 rhetoris
1084 3711 1152 3758 esso,
1172 3693 1221 3762 qui

123 3783 176 3840 sibi
194 3789 360 3853 enotaverit
388 3805 460 3859 quae
483 3792 586 3858 poetae
603 3787 706 3858 tragici
724 3789 769 3844 vel
793 3788 979 3858 profecissent
998 3806 1033 3844 ex
1049 3797 1109 3846 arte
1127 3789 1221 3845 riretob

124 3878 182 3935 rica
202 3883 246 3936 vei
267 3882 455 3938 contulissent
473 3883 510 3937 ad
528 3900 590 3938 eam
608 3883 714 3938 rectius
735 3883 944 3938 aestimandam.
981 3884 1116 3938 nonnulla
1133 3884 1162 3938 in
1185 3885 1220 3939 iis

123 3977 167 4030 vel
183 3978 303 4047 Didymo
321 3995 378 4033 non
395 3980 512 4050 indigna
530 3981 603 4034 sunt.
621 3979 651 4033 in
670 3979 781 4035 scholiis
800 3979 955 4034 Homericis
974 3984 1004 4035 et
1020 3981 1124 4036 Donati
1145 3997 1218 4036 com·

123 4073 266 4128 mortariis
291 4074 344 4128 hae
372 4079 456 4130 notae
485 4075 704 4146 frequentiores,
736 4091 820 4145 quam
848 4079 880 4130 ut
905 4091 1007 4146 operae
1033 4076 1156 4146 pretium
1183 4077 1220 4130 sit

123 4167 251 4238 exempla
268 4186 363 4226 aarum
381 4170 490 4225 afferre.
542 4215 547 4224 .

195 4266 229 4319 18
246 4265 356 4336 singula
373 4265 509 4322 orationis
532 4266 627 4336 capita
644 4265 787 4337 significat
808 4267 960 4324 scholiasta
977 4262 1014 4324 ad
1032 4283 1076 4322 vv.
1090 4267 1152 4332 561,
1166 4268 1217 4324 5⁷5

123 4359 186 4428 5⁷7,
204 4363 265 4427 595,
283 4364 345 4419 604.
696 4361 704 4370 “
