3020 5020
660 351 701 417 tu

130 534 371 602 sectationibus
395 557 437 601 ex
460 537 664 622 argumentis
686 537 780 604 uobis
802 537 887 603 notis
910 561 973 620 res,
997 537 1036 604 ad
1059 559 1138 622 quas
1160 535 1226 602 ani-

131 665 222 710 mum
243 644 428 710 attenderet
444 646 503 732 ille
519 645 552 710 in
570 644 767 732 explicanda
778 645 1044 733 aestimandaque
1057 655 1228 735 poetarum

131 752 332 836 tragicorum
352 763 432 818 arte.

233 861 288 928 Ad
311 861 478 950 Euripidis
500 861 676 950 Hippolyti
697 887 727 930 v.
743 863 802 928 172
829 863 909 930 haec
930 873 1064 930 anuottt
1090 863 1227 930 scholia·

129 980 195 1038 ata:
214 966 308 1058 τήνδε
328 971 508 1055 κομίζουσι
519 975 617 1038 τοῦτο
630 971 848 1058 σεσημείωται
864 976 915 1059 τῷ
928 965 1008 1058 Ἀρι
1018 968 1230 1062 στοιράνει,

131 1074 184 1146 δτι
207 1080 313 1146 καίτοι
334 1084 381 1167 τῷ
404 1075 619 1168 δκκυκλήματι
640 1076 807 1170 χρώμενος
829 1077 868 1148 τά
890 1081 1104 1167 ἐκκομίζουσα
1125 1105 1231 1167 προσ·

131 1189 235 1276 έθηκε
256 1194 432 1275 περισσῶς.
462 1191 544 1260 alter
565 1191 741 1258 scholiasta
764 1193 902 1258 eandem
925 1192 1153 1280 Aristophanis
1175 1215 1232 1259 no-

133 1309 199 1364 tam
222 1298 270 1364 sio
290 1299 541 1384 interpretatur:
560 1303 659 1366 τοῦτο
683 1299 903 1386 σεσημείιυκεν
922 1297 1230 1390 Ἀριστοφάνης,

132 1403 185 1475 ὅτι
203 1403 285 1474 κατά
304 1404 343 1474 τά
367 1401 501 1494 άκριβὲς
521 1405 559 1475 τδ
574 1406 715 1494 ἔγκλημα
730 1393 883 1476 τοιοῦτόν
904 1411 973 1476 ἐστι
993 1413 1034 1500 τῇ
1055 1408 1231 1477 ὑποθέσει.

131 1516 190 1584 ἐπὶ
214 1513 276 1603 γάρ
296 1521 354 1604 τῆς
374 1521 494 1604 σκηνῆς
517 1517 678 1584 δείκνυται
699 1515 740 1584 τά
773 1515 867 1585 ἔνδον
895 1515 1113 1605 πραττόμενα,
1148 1515 1166 1585 δ
1196 1520 1231 1586 δὲ

133 1623 199 1708 ἔξω
222 1629 405 1711 προϊοῦσαν
425 1619 523 1714 αὐτὴν
545 1621 755 1694 ὑποτίθεται.
778 1628 969 1716 posterioris
992 1628 1109 1694 scholii
1130 1613 1232 1696 veiha

130 1746 173 1802 ut
192 1758 279 1802 nunc
301 1736 466 1820 leguntur,
486 1735 548 1815 nisi
564 1736 693 1802 medela
715 1735 858 1802 adhibita
869 1738 1028 1824 intellegi
1051 1747 1229 1823 nequeunt.
1265 1727 1267 1731 ⁸

132 1867 252 1911 scaena
273 1845 450 1935 Hippolyti
475 1868 512 1911 ea
535 1856 593 1927 est,
616 1845 671 1912 ubi
694 1856 869 1930 aegrotans
889 1845 1048 1912 Phaedra
1063 1847 1149 1912 lecto
1175 1847 1232 1912 im·

109 2019 111 2022 .
133 1954 237 2040 posita
264 1955 429 2046 enutrioe
449 1977 493 2022 ex
507 1955 642 2020 aedibus
666 1954 964 2043 adsultanprioris
982 1943 1097 2032 scholii
1119 1977 1232 2022 sensus

133 2063 326 2152 perspicuus
351 2074 409 2130 est.
435 2065 559 2129 notavit
572 2064 812 2152 Aristophanes
835 2064 926 2130 chori
949 2078 1065 2130 versut
1089 2067 1149 2130 170
1165 2089 1230 2152 sq.:
1261 2065 1263 2072 ’

267 2257 270 2266 .
333 2164 403 2240 ἄλλ’
429 2168 485 2260 ἥδε
510 2169 636 2262 τροφάς
657 2169 769 2259 γεραιά
789 2169 855 2259 πρά
878 2177 993 2258 θυρῶν

332 2278 427 2370 τήνδε
449 2281 614 2367 κομίζουσ’
641 2279 704 2365 ἔξω
727 2277 916 2366 μελάθρων,Ι

135 2393 224 2478 quod
249 2394 467 2479 ecoyclemate
487 2417 566 2460 usus
594 2403 698 2480 pocta.
722 2392 928 2458 abundanter
956 2393 1152 2478 (περισσῶς)
1177 2394 1231 2460 ad·

137 2500 282 2583 didisset,
306 2499 401 2567 educi
421 2525 439 2564 a
458 2501 586 2566 nutrice
598 2500 789 2566 Phaedram.
813 2501 867 2586 qui
891 2499 1085 2566 novissimus
1106 2496 1147 2566 de
1168 2501 1231 2566 hoc

136 2607 262 2676 scholio
288 2608 464 2697 disputavit
485 2608 688 2678 Schradcrus
719 2608 752 2672 in
776 2607 1052 2674 commentatione
1072 2608 1136 2673 iam
1162 2609 1232 2673 lau-

136 2717 211 2782 data
235 2719 274 2784 de
296 2719 463 2782 notatione
484 2721 601 2784 critica
624 2728 687 2784 etc.
720 2741 752 2806 p.
765 2718 806 2782 47
828 2716 913 2782 hanc
934 2717 1071 2803 protulit
1090 2717 1154 2783 loei
1177 2739 1232 2782 ex-

136 2826 370 2917 plicationem:
394 2829 592 2914 vituperavit
624 2827 719 2915 (soil.¹
741 2825 996 2914 Aiietophahes)
1029 2819 1244 2912 Euripidem,

137 2937 226 3028 quod
249 2937 277 3002 Ιι.
295 2938 316 3003 l.
337 2937 547 3023 acepaleauata
569 2959 631 3000 uon
656 2960 695 3000 aa
717 2938 848 3000 ratione
870 2959 945 3000 usus
968 2949 1025 3018 eat,
1047 2949 1083 2999 ut
1104 2936 1234 3024 aliquid

138 3046 227 3136 quod
246 3048 282 3110 iu
302 3050 462 3112 ictericae
482 3060 579 3133 parte
600 3045 730 3111 aedium
743 3046 786 3130 fit
807 3044 1046 3130 spectatoribus
1076 3059 1233 3110 monstra-

136 3170 197 3238 rat,
230 3156 289 3222 aed
319 3157 460 3245 aliquem
492 3158 527 3220 iu
561 3177 709 3220 scaenam
743 3155 960 3241 epradieatem
990 3177 1027 3220 ea
1054 3155 1234 3238 induceret,

137 3268 203 3330 etsi
221 3257 370 3330 machina
391 3267 521 3330 minione
542 3287 631 3350 opus,
652 3268 700 3328 ita
719 3277 754 3328 ut
764 3261 943 3347 κομίζουσα
953 3287 981 3330 υ.
995 3263 1057 3329 172
1078 3265 1234 3328 collatum

137 3397 209 3440 aum
232 3397 260 3440 a.
275 3373 338 3440 180
356 3397 402 3461 aq.
424 3373 520 3458 δεῦρο
541 3368 600 3458 μάρ
623 3371 735 3438 ἐλθεῖν
752 3375 819 3436 πᾶν
843 3367 925 3450 ἔπος
945 3358 983 3460 ἦν
1004 3392 1074 3438 σοι·
1101 3368 1182 3454 τάχα
1203 3372 1230 3437 δ’

137 3479 187 3562 εἷς
206 3479 380 3567 θαλάμους
410 3477 565 3560 σπεύσεις
588 3475 627 3547 τά
657 3477 756 3546 πάλιν
788 3504 865 3545 saue
898 3480 1058 3546 adiectum
1085 3480 1235 3545 uideatur

135 3593 314 3677 περισσῶς.
360 3591 387 3656 ai
411 3573 490 3676 quid
515 3588 610 3656 video
634 3589 838 3658 Schradorus
860 3587 980 3669 statuit,
1004 3588 1090 3652 inter
1114 3610 1149 3653 se
1173 3611 1234 3676 pu-

137 3722 241 3786 gnare
265 3700 421 3766 voeabula
440 3698 619 3784 κομίζουσα
641 3708 674 3764 et
696 3696 809 3762 ἐλθεῖν
831 3705 864 3760 ot
884 3690 1050 3778 σπεύσεις,
1071 3719 1137 3762 non
1153 3720 1235 3787 opus

137 3829 210 3873 esse
232 3807 393 3891 machina,
415 3829 481 3872 uon
505 3827 586 3892 opus
610 3826 690 3889 esse,
713 3812 747 3869 ut
766 3828 808 3871 ex
822 3805 957 3870 aedibus
970 3813 1119 3892 portatur
1130 3805 1231 3869 Phae·

137 3917 207 4002 dra,
232 3915 354 4003 quippe
377 3937 461 4001 quae
485 3915 605 3980 exierit
623 3915 732 3998 (δεῦρο
758 3909 816 4000 γάρ
837 3912 973 3993 ἐλθεῖν).
996 3937 1013 3977 a
1046 3936 1112 3978 non
1126 3935 1235 3998 egres·

137 4049 207 4090 sam
231 4047 302 4090 esse
319 4025 516 4110 Phaedram,
539 4024 598 4090 scd
619 4024 703 4089 lecto
724 4023 907 4110 impositam
930 4045 972 4087 ex
994 4022 1129 4087 aedibus
1154 4022 1232 4088 edu·
1312 4069 1320 4077 -

138 4144 222 4201 ctam
245 4144 407 4200 testantur
430 4134 565 4199 nutricis
580 4133 682 4198 verba
696 4155 727 4195 v.
741 4132 800 4196 179
823 4127 887 4213 ἔξω
909 4130 945 4196 δὲ
965 4126 1078 4213 δόμων
1100 4121 1159 4216 ἤδη
1181 4155 1235 4196 νο-

137 4244 240 4329 σερῶς
261 4242 374 4326 δέμνια
395 4240 506 4320 κοίτας
528 4251 560 4306 et
575 4239 747 4308 Phaedrae
769 4239 870 4326 ipsius
893 4239 1007 4320 oratio,
1033 4260 1115 4323 quae
1133 4261 1161 4304 v.
1177 4238 1234 4304 198

138 4348 255 4439 incipit
286 4373 304 4414 a
332 4349 441 4415 verbis
470 4342 579 4432 αἴρετέ
606 4372 669 4431 μου
691 4336 974 4444 δέμαςμάρθοῦτε
996 4340 1087 4430 κάρα.
1132 4367 1232 4430 quare

1030 4458 1047 4507 4
