3020 5020
823 390 865 458 66

302 572 424 642 Phoen.
445 573 507 638 909
529 576 594 640 hnc
621 574 797 642 referenda
820 585 896 642 sunt
918 575 1034 643 scholl.
1055 574 1097 642 ad
1108 575 1203 642 Aiac.
1224 577 1297 663 828,
1316 577 1405 644 1184

303 682 512 767 Ρ1ιοεα.507,
525 684 616 750 1606.
665 735 670 752 .

401 793 446 856 Vt
467 793 638 880 vituperia,
661 813 743 881 quae
765 794 817 858 his
842 793 922 860 locis
947 793 982 860 in
999 794 1192 883 Euripidem
1213 795 1403 877 mittuntur,

302 901 384 968 miro
407 902 504 968 modo
526 902 612 968 inter
632 925 667 970 se
691 902 907 981 consentiunt,
930 903 975 967 ita
997 914 1034 968 ut
1056 928 1074 968 a
1096 903 1242 988 Didymo
1266 905 1403 970 Aristo-

301 1010 416 1100 phanis
437 1011 790 1099 notasinterpretante
816 1011 955 1077 oriunda
977 1033 1015 1077 ea
1039 1034 1110 1078 esse
1133 1012 1213 1077 mibi
1233 1015 1335 1100 plene
1359 1015 1402 1079 sit

299 1141 501 1208 persuasum,
522 1119 568 1184 ita
590 1141 691 1185 uuum
713 1142 792 1207 prae
814 1141 849 1185 se
870 1119 982 1186 ferunt
1002 1119 1156 1204 colorem,
1178 1141 1261 1208 quae
1283 1133 1402 1187 contra

301 1249 339 1294 ea
361 1253 380 1294 a
402 1228 574 1294 defensore
596 1229 722 1316 prolata
746 1238 830 1294 sunt.
875 1229 1040 1296 Teucrum
1070 1229 1165 1295 nimis
1197 1242 1342 1297 atrocem
1368 1241 1403 1296 et

301 1336 369 1404 suis
381 1336 503 1402 viribus
524 1335 622 1402 nimis
644 1339 765 1402 fretum
782 1346 951 1404 notaverat
965 1338 1131 1424 Didymus
1146 1338 1187 1404 ad
1199 1337 1293 1405 Aiae.
1306 1339 1401 1404 1123.
1485 1347 1486 1370 ³

304 1446 445 1512 eundem
469 1446 580 1533 culpat
599 1446 690 1534 quasi
704 1468 859 1512 vesanum
873 1446 914 1528 ad
927 1471 958 1513 v.
976 1448 1057 1513 1184
1070 1423 1335 1534 ἀπονενοημένοι
1354 1447 1399 1516 τᾶ

298 1551 514 1642 <νόῖ>πόντα
526 1551 584 1622 ἐπί
595 1547 686 1642 αὐτῷ
698 1547 899 1636 οῖνατιθὲναι,
910 1580 984 1623 cum
994 1559 1130 1624 Aiacem
1144 1579 1179 1622 se
1190 1558 1396 1646 sepulturum

300 1687 371 1732 esse
395 1664 518 1730 etiamsi
542 1665 652 1732 nullus
675 1665 861 1754 permiserit
882 1669 977 1732 iuret.
1021 1667 1068 1732 sie
1089 1665 1119 1731 ei
1147 1659 1325 1751 οῖλόγιστος
1346 1677 1398 1731 est

299 1769 317 1840 ό
339 1772 508 1860 Ἐτεοκλῆς
530 1775 751 1858 Ρ1]οοα.ῖ>()7,
783 1775 1022 1861 καταγέλαστος
1043 1771 1061 1842 δ
1086 1770 1182 1854 Atha
1208 1775 1302 1842 Aine.
1324 1774 1399 1856 828,

298 1877 440 1969 μάταιος
461 1877 480 1950 ὁ
500 1875 693 1964 Ταλθύβιος
707 1883 910 1966 Troad.408‚
934 1875 1057 1970 εὐήθης
1079 1878 1099 1970 ἡ
1120 1877 1239 1970 Ἑκάβη
1260 1883 1401 1949 11).1030
1485 1949 1486 1954 ,

300 2002 437 2078 atquae
460 2001 535 2057 sunt
558 1991 684 2058 similia.
710 2002 826 2057 contra
846 2003 912 2057 tam
934 2015 1055 2078 graves
1078 1991 1326 2079 obiurgationes
1346 1993 1397 2058 vi-

299 2101 349 2168 les
370 2110 447 2167 sunt
470 2121 587 2168 causae
608 2100 775 2187 levesque,
808 2123 887 2185 quas
909 2103 992 2167 alter
1014 2101 1190 2167 scholiasta
1210 2125 1271 2192 pro
1296 2111 1395 2192 poeta

301 2219 419 2276 movet.
463 2207 658 2274 vilissimum
692 2219 749 2287 est,
784 2232 849 2295 quo
873 2209 1070 2298 Euripidem
1101 2209 1188 2276 tueri
1219 2209 1332 2276 studet
1356 2209 1396 2274 ad

301 2315 409 2382 Andr.
426 2316 496 2398 733,
519 2315 574 2380 ubi
599 2337 672 2382 eum
693 2310 860 2399 πλάσματι
882 2319 1029 2403 χρῆσθαι
1051 2316 1130 2382 dicit
1151 2318 1185 2382 in
1206 2313 1394 2386 inducendo

299 2426 451 2494 Menelao
477 2425 518 2492 de
542 2427 630 2493 bello
654 2427 935 2514 Peloponnesiaco
965 2427 1141 2511 cogitante.
1190 2449 1255 2492 non
1278 2427 1393 2492 melius

272 2602 275 2615 ,
299 2536 467 2604 contendit
486 2533 579 2604 ἕνεκα
599 2539 659 2609 τοῦ
673 2533 721 2614 είς
737 2528 848 2602 οἶκτον
863 2539 990 2624 κινῆσαι
1012 2534 1093 2614 τούς
1113 2535 1307 2620 θεωμένους
1327 2531 1390 2601 Oe-
1484 2583 1485 2588 η

283 2645 413 2734 'dipum
432 2645 546 2713 dicere
571 2645 603 2710 in
626 2645 750 2712 Phoen.
771 2645 861 2728 1606,
883 2667 918 2712 se
942 2645 1071 2731 Polybo
1097 2645 1211 2712 servi
1235 2644 1309 2710 loco
1330 2655 1391 2710 tra·

301 2753 406 2822 ditum
431 2755 542 2841 fuisse,
573 2776 769 2843 quamquam
801 2755 931 2820 Iocasta
959 2755 1001 2818 de
1023 2752 1142 2839 Polybi
1172 2775 1277 2821 uxore
1308 2753 1392 2820 clare

301 2873 490 2930 narraverat
523 2885 554 2928 v.
577 2863 619 2928 30
650 2857 670 2948 ἡ
703 2860 748 2954 δδἱ
768 2861 827 2927 τόν
856 2857 935 2946 ἐμδν
967 2852 1093 2928 ιδδίνων
1126 2856 1232 2928 πόνον
1259 2865 1394 2946 μαστοῖς

301 2969 431 3062 δφεῖτο,
452 2972 507 3038 καὶ
528 2966 630 3038 πόσιν
650 2969 767 3042 πείθει
789 2975 905 3037 τεκεῖν.
949 2971 1012 3038 hoc
1034 2979 1229 3056 argumento
1251 2969 1338 3036 idem
1360 2991 1392 3036 se

301 3080 420 3172 prodit,
440 3081 495 3169 qui
519 3080 553 3146 in
566 3079 669 3148 schol.
683 3079 851 3146 Atacem
871 3080 995 3163 μᾶλλον
1018 3077 1177 3165 ἐκπλῆξαι
1194 3073 1393 3162 βουλόμενον

301 3189 503 3279 Sophoclem
526 3189 614 3257 iacit.
634 3199 668 3254 at
689 3189 790 3275 longe
812 3187 952 3276 plurima
974 3185 1174 3252 defensionis
1195 3185 1390 3252 adminicula

301 3322 344 3370 ex
371 3321 462 3366 more
484 3308 517 3364 et
536 3297 681 3383 ingeniis
699 3319 913 3386 personarum
935 3293 1127 3381 desumpsit,
1146 3294 1181 3361 in
1201 3295 1319 3380 quibus
1340 3294 1393 3360 de·

303 3408 480 3497 pingendis
490 3405 665 3496 Euripides
686 3406 768 3472 nibil
781 3417 913 3472 secutus
927 3415 1013 3472 esset
1027 3403 1089 3471 nisi
1112 3415 1260 3470 naturam
1281 3405 1389 3472 hnma-

300 3541 374 3585 uam
397 3517 645 3603 veritatemque,
667 3512 723 3580 nbi
747 3515 877 3582 sobrius
898 3514 1065 3598 Didymus
1087 3512 1220 3582 absurdi
1245 3513 1321 3599 quid
1343 3513 1392 3580 vel

302 3624 413 3694 stolidi
428 3626 613 3714 repperisse
637 3625 698 3692 sibi
722 3625 811 3692 visus
830 3633 908 3690 erat.
930 3625 991 3690 cir.
1004 3623 1225 3690 scholl.Aiac.
1239 3621 1320 3688 1184
1340 3645 1392 3708 (ιη-

299 3735 375 3803 τὲον
406 3721 482 3822 οὖν,
515 3730 568 3802 ότι
597 3729 664 3801 δνιό
693 3733 924 3825 φιλοστοργίας
951 3727 1058 3798 πάντα
1083 3731 1167 3818 λέγει
1207 3729 1389 3816 ὑπομενεῖν.

301 3847 343 3914 ib.
366 3843 428 3910 828
449 3842 564 3930 ρητέον
585 3829 652 3925 orla,
673 3838 726 3910 δἐι
745 3840 866 3927 ἰδίωμα
887 3845 954 3910 τῶν
975 3835 1168 3928 ἀνθρώπων
1187 3835 1225 3906 τό
1247 3835 1293 3928 μό
1314 3833 1391 3923 βοδ-

302 3953 423 4022 tarum
444 3947 527 4032 τοδς
548 3947 693 4037 ἐχθροδς
716 3947 953 4039 ἐναβρύνεσθσι
975 3942 1089 4030 adroic
1113 3949 1167 4016 καί
1194 3943 1313 4016 τούτου
1334 3941 1391 4032 μό-
1418 4027 1421 4035 Ι

302 4085 359 4130 νον
380 4052 640 4130 ἀντιποιοῦνται.
661 4062 786 4129 Ρ1ιοεα.
802 4061 863 4128 909
876 4061 963 4148 λίγοι
985 4060 1013 4126 δ’
1037 4050 1080 4126 dv
1099 4082 1159 4142 τις,
1181 4053 1234 4124 ότι
1255 4051 1391 4144 γεννικόν

302 4169 372 4240 ἐστι
390 4168 429 4240 εδ
453 4166 639 4258 πρόσωπον
660 4171 714 4238 καί
735 4165 923 4260 φιλόδοξον,
957 4163 1004 4248 uic
1028 4167 1081 4234 καί
1110 4163 1169 4234 aiv
1188 4165 1297 4254 ψνχΐγν
1316 4189 1390 4252 προ·

302 4281 403 4352 taum
429 4279 512 4367 ὑπὲρ
533 4273 688 4362 aial-aluo.
731 4283 775 4350 ib.
793 4283 854 4348 507
888 4275 974 4366 πρὸς
1000 4270 1022 4346 3
1044 4279 1168 4368 ριγιίον,
1192 4273 1245 4346 δτι
1263 4277 1389 4364 μίμησιν

303 4382 425 4477 ἀνδρὸς
445 4383 558 4460 δδίκοο
581 4389 765 4476 ἐξεικονίζει
788 4386 865 4478 ἡμῖν
885 4385 904 4458 ό
926 4379 1119 4478 Εὐριπίδης,
1138 4387 1214 4454 alia.
1234 4387 1294 4454 hoa
1315 4385 1388 4452 finer
