3020 5020
770 371 792 436 4

234 567 391 644 gumenta
414 555 639 624 obtinuissent.
659 554 762 622 trihus
776 554 979 642 argumentis
991 554 1326 644 AristophaueisAn·

232 667 367 754 tigonae
379 666 517 734 Medeae
528 665 735 734 Baccharum
756 664 821 730 iam
843 663 1023 742 aNauelrio
1045 663 1151 730 allatis
1172 673 1324 752 quartum

232 775 359 842 addidit
383 775 657 844 Schneidewinus
679 771 910 860 Eumenidum,
931 774 1023 840 cuius
1045 772 1188 840 auctoris
1206 795 1327 840 nomen

231 887 442 952 membranae
452 883 691 950 Laurentianae
712 891 894 949 servarunt.
919 881 1060 950 feliciter
1080 881 1183 968 igitur
1204 884 1327 966 evenit,

231 1003 268 1062 ut
282 1015 325 1060 ex
340 993 488 1060 Graecae
502 992 692 1086 tragoediae
708 990 895 1080 principum
913 991 1066 1079 operibus
1082 991 1177 1058 unius
1196 992 1326 1059 fabulae

232 1101 401 1186 Aeschyli,
424 1101 560 1167 duarum
575 1100 759 1190 Sophoclis,
783 1103 878 1168 nnius
899 1101 1018 1170 iterum
1041 1101 1208 1193 Euripidis
1228 1125 1325 1190 argu·

231 1221 340 1277 menta
360 1219 582 1300 superessent,
605 1231 744 1296 quorum
767 1211 961 1301 scriptorem
992 1211 1124 1278 codices
1154 1213 1249 1279 nohis
1277 1222 1325 1278 te·

230 1328 366 1386 utantur.
412 1317 490 1385 iude
523 1315 798 1386 Schneidewinus
829 1321 972 1407 collegit,
1006 1321 1094 1407 quod
1125 1322 1180 1388 vel
1206 1343 1267 1410 per
1290 1343 1326 1390 se

229 1427 403 1517 probabile
424 1427 495 1509 tuit,
523 1447 589 1493 non
611 1427 708 1494 unius
728 1437 854 1494 tantum
874 1429 1051 1496 alteriusve
1075 1429 1192 1496 horum
1213 1439 1325 1518 poeta-

231 1557 305 1602 rum
319 1536 445 1602 fabulas
460 1534 571 1602 dedita
583 1555 683 1622 opera
694 1536 896 1620 argumentis
911 1557 1046 1604 ornasse
1060 1537 1325 1624 Aristophanem,

230 1645 290 1712 sed
309 1655 376 1710 tres
398 1644 599 1730 tragicorum
623 1643 790 1733 principes
810 1644 934 1732 pariter
947 1645 1141 1712 studiissuis
1153 1668 1227 1713 esse
1239 1669 1327 1714 com-

230 1754 375 1843 plexum.
399 1775 482 1840 quae
498 1753 689 1818 coniectura
705 1753 841 1840 egregie
854 1753 981 1820 firmata
1000 1763 1050 1822 est
1070 1775 1121 1838 eo,
1142 1755 1230 1840 quod
1252 1765 1326 1844 post

231 1863 539 1931 commentationem
550 1860 890 1932 Schneidewiniauam
909 1885 1064 1930 numerus
1088 1885 1200 1930 earnm
1220 1865 1324 1955 hypo

229 1971 381 2054 thesium,
403 1993 484 2058 quae
506 1971 648 2038 auctoris
671 1971 720 2037 sui
740 1971 775 2037 in
797 1971 906 2038 fronte
927 1983 1046 2058 gerent
1064 1995 1194 2057 nomon,
1216 1973 1324 2040 laetis·

229 2080 310 2147 sime
341 2091 455 2148 auctus
486 2090 546 2148 est.
580 2080 852 2148 Kirehhoffii
877 2083 964 2148 euim
986 2103 1088 2172 opera
1108 2082 1150 2147 ad
1172 2091 1326 2169 quattuor

227 2189 286 2256 illa
309 2199 502 2278 argumenta
524 2188 766 2278 Aristophanes
788 2201 998 2256 accesserunt
1017 2191 1090 2273 tria,
1110 2211 1193 2276 quae
1215 2189 1249 2256 iu
1271 2212 1324 2256 co·

230 2299 357 2365 dicibus
380 2298 611 2387 Aristophanis
631 2297 763 2365 nomine
781 2298 938 2387 insignite
959 2309 1046 2382 aunt,
1070 2297 1321 2366 Phoenissarum

229 2407 357 2476 Orestis
378 2407 490 2490 Rhesi,
515 2430 651 2493 quorum
677 2405 742 2473 duo
772 2409 881 2497 priora
906 2409 1134 2476 Kirehhoiliua
1164 2407 1268 2475 edidit
1290 2409 1324 2474 in

228 2515 375 2582 causele.
393 2513 427 2602 f.
450 2517 480 2581 d.
506 2515 794 2604 pymaops'elroesen
817 2515 897 2583 1853
917 2517 1077 2606 supplem.
1112 2518 1246 2608 Septem
1271 2517 1322 2584 his

228 2635 380 2692 octavum
404 2625 476 2714 ipse
499 2624 590 2714 potui
612 2623 747 2709 addere,
768 2624 890 2715 quippe
911 2625 1005 2692 euius
1029 2627 1170 2715 scriptor
1190 2626 1321 2694 aliunde

226 2747 325 2824 atque
346 2759 390 2803 ex
411 2735 526 2803 codiee
549 2735 730 2804 certissime
754 2746 1022 2822 cognosceretur.

326 2845 459 2930 Rerum,
481 2867 565 2934 quae
585 2846 787 2931 argumentis
799 2845 948 2911 tractavit
961 2845 1213 2934 Aristophanes,
1228 2845 1321 2932 qnin-

228 2976 294 3041 que
318 2975 442 3041 genera
470 2955 638 3020 coustituit
660 2953 948 3038 Schneidewinus,
981 2975 1065 3041 quae
1094 2964 1149 3020 aut
1172 2956 1322 3022 omnibus

228 3071 381 3148 quattuor
395 3063 596 3148 argumentis
611 3062 861 3152 Aristophaueis
882 3071 938 3128 aut
950 3061 1090 3150 singulis
1114 3083 1156 3128 ex
1180 3062 1231 3130 his
1247 3085 1322 3150 pro·

227 3171 299 3260 pria
322 3171 457 3252 invenit,
481 3195 629 3259 quaeque
650 3171 767 3238 littoris
791 3169 982 3238 ABODE
1004 3172 1134 3259 signata
1157 3171 1236 3259 ipsis
1252 3173 1323 3239 eius

227 3279 338 3345 verbis
359 3301 531 3368 apponam,
554 3280 682 3351 omissis
699 3291 808 3347 tamen
826 3280 1005 3366 nonnullis,
1028 3301 1111 3366 quae
1132 3278 1322 3367 explicandi

226 3387 332 3474 gratia
349 3387 478 3454 adiecit.
503 3401 578 3456 sunt
599 3401 709 3456 autem
733 3411 859 3478 genera
881 3389 977 3456 haec:

326 3497 357 3562 Α
400 3511 516 3562 auctor
537 3522 691 3564 eumaeum
713 3521 832 3581 rerum,
853 3523 934 3590 qaue
953 3511 1026 3564 auat
1044 3501 1076 3564 ia
1085 3497 1220 3584 schah,
1241 3521 1322 3586 pau·

226 3607 528 3694 circumplectitur,
551 3611 699 3673 erutione
719 3631 796 3672 osus
819 3605 1019 3672 merubrotim
1042 3611 1183 3674 corruite.

326 3719 356 3782 Β
396 3728 544 3799 curtetur,
564 3717 694 3780 solusne
722 3729 822 3802 poeta
850 3728 1076 3803 argumentum
1109 3719 1142 3780 iu
1173 3737 1322 3780 romara

224 3823 384 3906 attulerit,
414 3847 456 3889 aa
479 3825 532 3888 uel
552 3825 675 3914 reliqui
697 3824 759 3890 cluo
783 3827 912 3910 puriter
934 3825 987 3888 uel
1007 3825 1168 3889 alteruter
1192 3844 1322 3889 eorum:

120 3985 125 3998 .
224 3937 329 3998 κεῖται
350 3929 386 3998 δὲ
409 3925 426 4020 ἡ
447 3929 637 4016 prodeuntia
658 3931 710 3997 καὶ
734 3927 824 4016 παρὰ
857 3934 904 4020 τῷ
935 3931 1026 3998 δεῖνα
1054 3933 1107 3996 uel
1127 3931 1204 4014 παρ’
1229 3921 1323 3997 osida-

224 4039 309 4128 τέρῳ
330 4045 435 4107 κεῖται
460 4063 502 4106 ea
519 4039 673 4126 sononia
695 4041 825 4106 dicitur.

326 4147 355 4214 0
399 4149 504 4214 locum
532 4150 690 4233 actiom‘e,
722 4153 989 4238 competitionem
1019 4149 1122 4234 chori,
1148 4170 1323 4236 persuasam

223 4259 361 4346 prologi
378 4260 534 4344 nominat,
561 4259 595 4322 s'a
619 4281 682 4344 qao
708 4261 840 4346 repello
863 4256 924 4326 duo
946 4261 1000 4326 uti
1024 4259 1108 4324 solet
1129 4279 1266 4324 norme:
1301 4252 1319 4346 ἡ

223 4365 283 4451 μὲν
301 4363 401 4454 σκηνή
427 4363 595 4434 ὑπόκειται
606 4417 710 4436 ......
712 4362 758 4450 ,d
781 4367 818 4434 dd
838 4363 937 4454 χορὸς
958 4366 1209 4456 σιψέπηιενέξ
1215 4415 1310 4436 ......
1311 4417 1322 4453 ,
