3020 5020
663 401 704 467 ct

135 608 203 652 non
225 585 394 671 egreditur
414 584 599 667 scholiasta,
622 584 854 651 reconditioris
875 583 1044 651 doctrinae
1058 585 1185 650 nullum
1198 584 1233 650 in

136 717 177 760 eo
199 695 385 782 vestigium.
419 705 555 784 apparet
577 696 651 761 hinc
674 715 737 780 quo
757 695 829 759 iure
852 716 927 760 eum
947 695 989 760 ad
1012 695 1179 761 saeculum
1201 719 1232 783 p.

137 803 218 871 Ohr.
242 813 392 892 quartum
405 806 595 890 quintumve
619 803 749 869 detrudi
770 803 969 888 iusserimus,
991 827 1065 870 nam
1086 803 1151 869 illis
1174 825 1232 892 po·

135 913 297 978 tissimum
319 913 521 1002 temporibus
554 914 717 979 florebant
746 913 915 979 rhetorum
949 913 1233 1002 sophistarumque

135 1022 264 1088 inutilia
287 1022 402 1105 studia,
426 1022 481 1109 qui
498 1024 642 1089 omniurn
661 1012 803 1111 primum
818 1023 851 1088 id
867 1023 1070 1107 affectarent,
1091 1031 1127 1087 ut
1141 1021 1234 1087 fictas

136 1157 213 1200 suas
234 1157 391 1222 personas
419 1157 514 1220 quam
544 1134 788 1201 accuratissime
819 1134 859 1200 ad
890 1135 991 1200 vitam
1018 1130 1233 1220 naturamque

137 1243 373 1332 exprimerent.
389 1244 485 1309 huius
497 1236 683 1330 ἠθοποιίας
695 1265 850 1328 magnum
864 1244 1028 1308 habebant
1041 1243 1234 1328 magistrum

136 1346 342 1440 Euripidem,
364 1353 415 1417 cui
435 1353 519 1418 hanc
534 1375 613 1417 sane
624 1349 756 1418 laudem
769 1375 867 1419 nemo
882 1375 1004 1438 negare
1016 1362 1136 1440 potest,
1158 1373 1234 1416 eum

134 1460 304 1529 hominum
328 1485 435 1528 mores
456 1462 584 1527 indoles
606 1463 742 1528 affectus
765 1461 800 1527 in
822 1461 942 1528 fabulis
964 1461 1030 1528 suis
1050 1459 1235 1526 admirabili

136 1579 209 1636 arte
233 1580 265 1650 et
287 1571 488 1659 perfectione
518 1570 674 1658 pinxisse.
718 1593 784 1636 non
808 1570 924 1636 mirum
946 1570 1058 1656 igitur,
1084 1570 1111 1636 si
1133 1570 1234 1653 longe

135 1679 240 1745 maior
260 1681 522 1748 observationum
545 1703 710 1764 numerus,
733 1703 812 1768 quas
834 1679 868 1744 in
890 1681 1023 1746 scholiis
1044 1679 1232 1769 Euripideis

136 1789 334 1872 invenimus,
361 1789 403 1854 ad
422 1811 636 1877 personarum
660 1790 792 1873 ingenia
814 1799 941 1876 spectat
969 1799 1001 1855 ct
1030 1789 1127 1876 plena
1159 1798 1233 1854 sunt

137 1897 264 1964 scholia
286 1897 404 1982 laudis,
429 1919 524 1986 quam
546 1921 625 1963 vere
647 1897 689 1964 ad
710 1883 859 1965 naturam
884 1899 1088 1964 conformata
1112 1896 1177 1962 siut
1203 1907 1236 1963 et

136 2028 305 2093 expressa.
337 2007 423 2092 quod
448 2031 521 2074 cum
544 2008 589 2073 ita
612 2029 647 2072 sc
670 2007 797 2082 habeat,
819 2029 956 2073 necesse
979 2015 1029 2072 est
1049 2028 1231 2090 caveamus,
1271 2058 1276 2074 .
1355 2005 1357 2012 ’

136 2114 340 2202 neDidymc
361 2115 574 2196 vindicemust
600 2137 682 2200 quae
704 2115 897 2182 recentioris
919 2126 995 2182 sunt
1009 2115 1101 2194 ‚illius
1124 2137 1232 2203 gram-

138 2223 258 2288 matici.
281 2227 358 2289 sunt
377 2233 484 2290 autem
498 2224 584 2290 inter
599 2225 698 2291 dubia
713 2225 836 2291 scholia
854 2224 1086 2309 anteferenda,
1105 2224 1234 2313 quihus,

139 2332 229 2419 quod
254 2333 333 2416 dixi,
363 2333 404 2398 de
435 2355 649 2422 personarum
672 2334 817 2400 moribus
842 2343 874 2400 et
899 2333 940 2399 de
962 2334 1079 2401 timore
1099 2335 1153 2399 vel
1175 2334 1234 2398 mi·

139 2442 321 2508 sericordia
354 2444 589 2531 spcotetoribus
621 2443 806 2510 iniiciendis
831 2453 956 2528 agatur.
1001 2445 1052 2510 his
1086 2443 1237 2509 addenda

137 2572 188 2634 ea,
212 2573 295 2638 quae
315 2550 357 2616 ad
379 2546 497 2629 πάθος
513 2561 677 2640 spectant,
699 2575 837 2636 quorum
851 2552 1019 2640 specimen
1033 2574 1130 2638 supra
1150 2573 1181 2638 p.
1193 2551 1236 2616 45

139 2658 367 2744 cognovimus.
411 2659 595 2725 huiusmodi
624 2661 726 2746 igitur
748 2671 844 2726 notae
865 2669 1049 2748 possunt
1070 2660 1233 2745 originem

139 2767 264 2834 ducere
288 2769 420 2856 abipso
443 2768 628 2835 recentiore
652 2769 836 2854 scholiasta,
869 2768 1016 2856 quamvis
1038 2767 1078 2834 iis
1102 2790 1233 2854 quoquc

136 2876 292 2964 exemplo
326 2876 367 2941 sit
399 2877 633 2970 Aristophanis
669 2878 872 2966 Didymique
910 2875 1108 2943 observandi
1143 2876 1236 2943 ratio.

136 2995 381 3070 cognoscuntur
397 3007 472 3052 cum
486 2987 626 3073 Didymi
649 2985 915 3053 annotationibus
940 2996 1146 3075 comparatae
1165 2987 1235 3075 ple-

136 3115 278 3182 rumque
296 3095 449 3161 facillime
473 3117 516 3161 ex
531 3096 640 3162 ieiuna
655 3096 826 3182 sterilique
843 3089 1052 3178 verbositate,
1070 3117 1145 3161 cum
1161 3081 1234 3180 gra·

137 3203 272 3268 sissima
296 3213 328 3268 et
350 3204 648 3288 significantissime
669 3205 827 3271 vocabula
849 3205 963 3271 eadem
993 3205 1059 3270 sint
1080 3213 1179 3291 atque
1200 3204 1234 3270 in
1312 3243 1314 3253 ·

137 3311 273 3377 scholiis
294 3312 478 3398 Didymeis.
524 3324 561 3378 ut
589 3314 692 3401 priori
722 3316 875 3402 exemplo
905 3337 1006 3379 unum
1034 3314 1087 3380 hic
1109 3314 1234 3395 addam,

136 3415 336 3485 illudebatur
363 3423 422 3486 τοῦ
447 3418 495 3500 εἰς
518 3413 629 3488 οἶκτον
650 3424 778 3508 κινῆσαι
803 3417 841 3488 τό
873 3421 1018 3507 θέατρον
1045 3421 1079 3487 in
1109 3422 1233 3488 scholio

136 3526 225 3593 haud
249 3527 348 3594 dubie
371 3528 538 3617 Didymeo
561 3530 684 3615 legitur
707 3530 747 3596 ad
763 3530 834 3598 OT.
852 3530 915 3595 264
937 3525 1022 3612 πρὸς
1043 3525 1082 3596 τὸ
1103 3533 1234 3616 κινῆσαι

136 3631 177 3702 τὸ
198 3632 354 3720 θέατρον,
375 3644 411 3701 ut
439 3637 626 3724 saepissime
655 3635 817 3722 κινητικὸν
840 3639 900 3702 τοῦ
927 3631 1076 3718 θεάτρου
1107 3636 1235 3701 similia.

136 3765 204 3808 non
240 3743 275 3810 in
315 3745 465 3811 omnibus
501 3746 636 3812 scholiis
670 3745 794 3832 liquide
832 3744 974 3833 perspici
1016 3765 1128 3831 posse,
1168 3745 1233 3811 utri

137 3854 428 3938 grammaticorum
451 3856 625 3921 tribuenda
645 3855 721 3936 sint,
742 3877 808 3921 non
825 3864 875 3921 cst
891 3877 948 3920 our
965 3875 1154 3920 memorem.
1177 3873 1233 3919 ne·

137 3981 203 4046 que
235 3963 346 4046 gradu
378 3964 440 4029 hoo
469 3973 518 4030 est
546 3964 580 4029 in
609 3965 799 4030 universum
831 3963 997 4053 momenti,
1027 3985 1100 4028 cum
1129 3962 1234 4029 exiis

141 4069 276 4136 scholiis
297 4071 380 4136 nihil
390 4072 567 4154 lucremur,
590 4051 653 4159 buo
666 4073 814 4140 notitiam
836 4081 978 4140 nostram
1001 4073 1041 4137 de
1064 4071 1179 4137 studiis
1193 4073 1233 4136 ab

141 4177 367 4267 Aristophane
397 4181 611 4278 Didymoque
648 4182 682 4247 in
717 4183 778 4247 hac
815 4203 851 4246 re
890 4179 1004 4268 positis
1035 4178 1235 4267 amplificare

139 4307 308 4372 queamus.
963 4351 965 4358 .

239 4395 295 4464 Ad
307 4395 491 4482 Didymum
507 4392 721 4466 redeuntibus
740 4419 842 4464 unum
865 4405 1016 4484 superest
1035 4393 1235 4462 scholiorum
