2994 5018
630 397 690 465 113

190 583 234 649 ib.
259 584 319 646 112
340 581 463 666 χαίρειν
486 575 614 648 Ἀθάνα
635 569 752 649 τάλλαι
782 619 819 630 -
844 558 1087 668 δπίρκυπτικόν
1106 581 1143 648 ’δὲ
1164 578 1203 648 τό

105 678 195 778 ήθυς
227 683 328 758 αὐτοῦ
362 691 516 758 ἐντεῦθεν
547 690 743 759 ἐνδείκνυται
776 687 794 757 ό
829 688 978 780 ποιητής,
1010 691 1084 758 ἐπεὶ
1117 687 1204 758 πάνυ

103 794 298 886 πρόσκειται
329 792 531 887 ὁάκροατής
556 803 604 887 τῷ
626 793 753 867 Α’ίαντι
781 796 834 867 διά
858 796 915 887 τήν
936 796 1118 890 συμφοράν,
1152 801 1207 867 καί

104 907 282 991 μονονουχὶ
308 907 497 990 χαλεπαίνει
526 910 574 994 τῷ
600 910 731 998 ποιητῇ,
766 909 819 974 ίνα
847 903 926 996 δόξῃ
956 900 1156 992 άξιυπαθεῖν
1186 904 1204 975 ό

105 1011 200 1095 Αἴας
219 1015 264 1103 μή
285 1012 547 1102 ὑποτεταγμένας
566 1019 607 1106 τῇ
627 1015 766 1099 δαίμονι.
1217 1033 1239 1088 δ’

189 1125 313 1192 111166
334 1119 515 1214 παρατήρει
539 1117 684 1191 κάνθάδε
712 1121 771 1210 τήν
800 1119 996 1212 προσθήκην
1024 1128 1084 1192 τοῦ
1106 1150 1204 1213 ποιη-

104 1237 176 1318 τοῦ,
197 1229 248 1302 ότι
271 1237 429 1323 προσῆψε
449 1237 496 1321 τῷ
509 1228 635 1299 Λάκντι
650 1233 882 1320 γλωσσαργίαν,
905 1235 1079 1317 μονονουχὶ
1101 1240 1209 1320 θερα-’

104 1338 218 1408 πεάων
237 1342 295 1410 τόν
315 1341 440 1430 θεατήν
462 1335 697 1429 μήάχθεσδαι
716 1346 757 1432 τῇ
778 1347 934 1432 συμφορᾷ
953 1345 1012 1410 τοῦ
1033 1339 1202 1424 Αἴαντος·

104 1427 396 1540 προσῳκειωμίνοι
423 1449 482 1538 γάρ
507 1442 568 1539 ήδη
596 1473 636 1541 τη
666 1443 765 1542 άρετῇ
799 1444 899 1518 αδτυῦ
933 1447 1050 1534 σχεδόν
1064 1441 1131 1519 ’καί
1156 1455 1204 1540 τῷ

104 1563 229 1650 ποιητῇ
250 1553 441 1647 ὀργίζονται.
480 1617 482 1622 ,
1218 1575 1251 1627 10

189 1669 336 1736 1111041
360 1654 466 1752 οὗτος,
490 1668 528 1736 σὲ
548 1673 651 1758 φωνῶ
658 1693 666 1735 ι
699 1665 889 1755 ὑβριστικόν
916 1666 954 1736 τό
984 1658 1071 1757 ήθας
1095 1675 1205 1737 Μενε·

104 1771 205 1844 λάου·
228 1771 310 1857 λ’σως
331 1775 367 1842 ἐκ
386 1776 445 1863 τῆς
464 1778 671 1862 συνωμοσίας
690 1770 876 1858 Ὀδυσσέως.

189 1885 311 1954 Eleon.
334 1885 397 1952 328
425 1886 484 1952 τίν’
510 1873 551 1952 αδ
577 1884 617 1953 σά
652 1882 765 1974 τήνδεε
799 1887 950 1974 ἐπιτηδὲς
980 1891 1052 1966 ταῖς
1081 1879 1205 1972 άγρίοις

104 1986 223 2082 ήδεσιν
251 1987 566 2080 άντιπαρατάττυυσι
596 1999 695 2085 πρᾷα,
728 1991 885 2082 καθάπερ
908 1999 963 2062 νῦν
983 1999 1023 2086 τῇ
1044 1987 1204 2084 Ἠλέκτρη

104 2098 164 2190 τήν
187 2099 403 2188 Χρυσόθεμιν
423 2103 608 2187 συνέζευξεν
636 2105 689 2170 καὶ
716 2108 757 2194 τῇ
776 2097 943 2192 Ἀντιγόνῃ
965 2100 1024 2192 τήν
1045 2097 1203 2192 Ἰσμήνην,
1218 2129 1250 2180 15

106 2209 200 2278 ἕνεκα
220 2215 279 2279 τοῦ
301 2213 537 2280 δι-απαικίλλειν
556 2216 630 2292 ταῖς
650 2205 858 2300 άντιρρήσεσι
880 2211 921 2278 τὰ
942 2209 1099 2298 δράματα.
1123 2221 1126 2230 ’

190 2323 299 2390 Orest.
321 2323 385 2387 414
404 2317 465 2405 δρα
486 2318 525 2387 τό
549 2313 669 2411 εὐφυὲς
687 2325 747 2388 τοῦ
770 2325 921 2408 ποιητοῦ,
939 2325 1013 2402 πῶς
1034 2323 1076 2388 δι’
1090 2313 1204 2410 άμφο-

105 2431 217 2518 τάρων·
229 2433 295 2497 τῶν
316 2427 510 2516 προσώπων
532 2426 658 2497 τούτων
679 2433 739 2497 τοῦ
762 2423 912 2516 Ὀρέστου
939 2431 1073 2498 καὶτοῦ
1094 2417 1203 2496 Μενε-

104 2535 185 2609 λάου
204 2536 263 2620 τάς
284 2538 429 2618 ἐναντίας
442 2543 514 2622 ,τῶν
534 2531 727 2625 άνθρώπων
748 2534 845 2623 δόξας
862 2535 1035 2626 δποδηλοῖ.

195 2775 213 2830 8
231 2771 349 2828 εοοοΙ.Β
364 2773 452 2826 Ψ184
465 2769 510 2826 διά
528 2773 559 2826 δὲ
570 2769 834 2846 τῆςάναφωνήσεως
853 2767 1021 2843 ἐθεράπευσε
1037 2770 1086 2829 τὸν
1102 2770 1203 2844 άκροα-

106 2867 163 2940 τήν·
184 2865 236 2938 ἤδη
252 2866 308 2940 γάρ
326 2871 485 2939 ω’δπασχε
502 2869 533 2941 τῇ
552 2869 600 2922 τοῦ
610 2864 740 2939 Ἕκτορος
759 2870 842 2938 αίκίᾳ.
871 2867 1038 2924 εσ1101.ΒΙΝ
1049 2875 1075 2923 Ζ
1085 2869 1137 2922 373
1153 2866 1203 2936 τήν

104 2971 195 3022 αῖιίαν
221 2965 266 3033 τῆς
292 2957 388 3025 ἐξόδου
420 2968 499 3036 φησὶ,
533 2960 787 3038 παραμυθούμενος
813 2963 888 3036 ἡμᾶς
912 2968 1139 3036 συναχθομένους
1164 2965 1203 3034 τῷ

96 3059 215 3133 Ἕκτορι.
485 3055 488 3064 “

178 3159 212 3212 14
229 3156 315 3212 schol.
327 3155 374 3210 BL
385 3163 413 3210 A
425 3157 477 3212 307
495 3149 605 3214 εῖκότως
620 3154 659 3224 τῷ
667 3151 783 3226 Ἀχιλλεῖ
799 3155 910 3228 θυμικρλ
927 3150 985 3212 άντι
1003 3149 1083 3222 ἤπιος
1096 3148 1203 3216 ὢνΠά·
1269 3183 1275 3190 -

104 3257 216 3326 τροκλος
235 3247 350 3324 πάρεστι
369 3249 439 3322 πρὸς
460 3249 491 3304 τὸ
511 3247 561 3304 τὸν
577 3249 672 3323 θυμὸν
690 3246 774 3304 αὐτοῦ
792 3244 956 3323 μαλάσσειν.
1206 3311 1208 3318 y

179 3351 212 3404 15
230 3350 311 3404 lubet
336 3347 401 3402 huic
427 3347 533 3402 scholio
557 3347 734 3418 subiungere,
761 3347 862 3418 quibus
882 3348 997 3402 Electra
1023 3349 1203 3418 comparatur

105 3463 171 3504 cum
194 3445 338 3516 Antigona
360 3443 403 3498 El.
423 3445 475 3498 343
500 3438 608 3497 ἅπαντα
633 3435 687 3513 γάρ
716 3457 760 3496 σοι
784 3439 859 3514 τάμά
888 3438 1093 3515 νουθετήματατ
1119 3443 1202 3496 ταῦτα

104 3537 192 3600 ὁποῖά
210 3543 266 3596 ἔστι
287 3539 320 3595 τά
340 3541 388 3596 ἐπὶ
404 3534 593 3613 τήᾍνῐιγόνη,
619 3535 691 3593 ὅπου
714 3541 746 3613 τῇ
766 3534 883 3614 Ἰσμήνη
910 3540 1029 3610 λωδορεῖ
1047 3542 1092 3593 καὶ
1114 3543 1202 3612 φησὶν
1252 3615 1254 3618 v

105 3636 190 3706 αὐτὴν
211 3635 242 3692 τά
261 3641 397 3708 Κρέοντος
414 3641 530 3709 φρονεῖν
543 3635 648 3705 (Antig.
661 3636 733 3702 549).
752 3636 789 3690 ib.
801 3637 855 3690 384
872 3629 984 3708 ἁρμόζει
1004 3637 1065 3690 λίαν
1081 3631 1112 3689 τὸ
1133 3630 1207 3706 πρό-Ι

106 3753 204 3792 σωπον
217 3730 362 3803 Ἠλέκτρας
376 3723 566 3804 τῇἈνειγόνη.
591 3730 629 3785 ib.
642 3731 711 3784 1019
728 3724 887 3802 παρατήρεί
900 3723 1025 3784 κάνθάδε
1041 3727 1093 3797 τήν
1112 3725 1203 3784 εἰσολ-

104 3839 183 3908 μίαν,
203 3829 240 3891 ὡς
258 3833 304 3884 καὶ
322 3829 354 3883 ἐν
362 3820 507 3901 Ἀντιγόνη.
884 3891 895 3907 κ

178 3928 212 3982 18
230 3926 269 3981 ib.
280 3926 333 3980 356
349 3920 406 3977 άπὸ
425 3921 532 3994 πρώτης
550 3916 675 3992 παρόδου
693 3921 851 3993 σημειοΐααι
869 3917 900 3975 τὸ
919 3915 1055 3988 κακόηθες
1071 3920 1117 3988 τῆς
1133 3917 1214 3990 γνοί-“

105 4045 160 4102 μης
179 4017 331 4080 Μενελάου.
366 4023 404 4078 ib.
423 4024 475 4076 371
497 4016 601 4076 ὕπουλα
622 4013 712 4073 πάντα
731 4015 766 4072 τά
784 4012 892 4090 ρήματα
910 4011 1063 4072 Μενελάου.
1098 4017 1137 4071 ib.
1147 4019 1200 4070 411

106 4117 251 4190 κακοήθως
267 4120 306 4190 τῷ
324 4112 439 4191 ὀνόματι
460 4109 595 4189 ἐχρήσατο
612 4116 658 4183 τῆς
676 4117 786 4186 μανίας,
811 4109 948 4180 κακόηθες
967 4113 999 4167 δὲ
1018 4110 1111 4167 καὶτὸ
1134 4109 1201 4167 άπο·

106 4213 274 4294 μιμνήσκειν
291 4211 378 4270 αι’πὸν
395 4214 444 4268 τοῦ
464 4207 554 4284 φόνου
571 4211 619 4279 τῆς
635 4203 746 4282 μητρός.
764 4203 837 4280 ήρκει
854 4207 909 4280 γάρ
929 4206 963 4262 τὸ
979 4193 1069 4262 ἀὗταί
1086 4224 1118 4261 σε
1137 4214 1203 4276 γλακ-

105 4309 253 4389 χεάοασιδ.
289 4312 327 4367 ib.
341 4313 395 4365 437
412 4302 497 4364 πάλιν
515 4301 752 4380 φιλοπραγμόνως
770 4305 786 4360 δ
807 4307 953 4366 Μενέλαος
971 4310 1150 4377 παραγυμνοῖ
1170 4303 1201 4359 τὸ

107 4405 175 4481 ἦθος
191 4413 343 4492 φροντίζων
362 4407 489 4478 περὶτῆς
507 4407 653 4475 βασιλείας.

565 4504 568 4514 .
1002 4497 1020 4552 3
1054 4509 1059 4520 ,
