<?xml version="1.0" encoding="UTF-8"?>
<!DOCTYPE html PUBLIC "-//W3C//DTD XHTML 1.0 Transitional//EN"
    "http://www.w3.org/TR/xhtml1/DTD/xhtml1-transitional.dtd">
<html xmlns="http://www.w3.org/1999/xhtml" xml:lang="en" lang="en">
 <head>
  <title>
</title>
<meta http-equiv="Content-Type" content="text/html;charset=utf-8" />
  <meta name='ocr-system' content='tesseract 3.04.00' />
  <meta name='ocr-capabilities' content='ocr_page ocr_carea ocr_par ocr_line ocrx_word'/>
</head>
<body>
  <div class='ocr_page' id='page_1' title='image "./grammaticorumgr00trengoog_0120.png"; bbox 0 0 2994 5018; ppageno 0'>
   <div class='ocr_carea' id='block_1_1' title="bbox 640 347 698 412">
    <p class='ocr_par' dir='ltr' id='par_1_1' title="bbox 640 347 698 412">
     <span class='ocr_line' id='line_1_1' title="bbox 640 347 698 412; baseline 0 0"><span class='ocrx_word' id='word_1_1' title='bbox 640 347 698 412; x_wconf 90' lang='grc'><strong><em>111</em></strong></span> 
     </span>
    </p>
   </div>
   <div class='ocr_carea' id='block_1_2' title="bbox 82 519 1328 3776">
    <p class='ocr_par' dir='ltr' id='par_1_2' title="bbox 113 519 1232 837">
     <span class='ocr_line' id='line_1_2' title="bbox 115 519 1232 620; baseline -0.001 -20.979"><span class='ocrx_word' id='word_1_2' title='bbox 115 525 207 600; x_wconf 76' lang='grc' dir='ltr'><strong><em>οἷον</em></strong></span> <span class='ocrx_word' id='word_1_3' title='bbox 215 532 269 598; x_wconf 86' lang='grc' dir='ltr'><strong><em>καὶ</em></strong></span> <span class='ocrx_word' id='word_1_4' title='bbox 288 529 326 600; x_wconf 87' lang='grc' dir='ltr'><strong><em>τό</em></strong></span> <span class='ocrx_word' id='word_1_5' title='bbox 350 519 391 598; x_wconf 74' lang='lat'>‘6</span> <span class='ocrx_word' id='word_1_6' title='bbox 411 526 518 598; x_wconf 75' lang='grc' dir='ltr'><strong><em>τέκνά</em></strong></span> <span class='ocrx_word' id='word_1_7' title='bbox 540 533 574 598; x_wconf 78' lang='grc' dir='ltr'><strong><em>ἐν</em></strong></span> <span class='ocrx_word' id='word_1_8' title='bbox 595 525 686 620; x_wconf 80' lang='grc' dir='ltr'><strong><em>ἀργῇ.</em></strong></span> <span class='ocrx_word' id='word_1_9' title='bbox 707 529 794 614; x_wconf 83' lang='grc' dir='ltr'><strong><em>πρός</em></strong></span> <span class='ocrx_word' id='word_1_10' title='bbox 813 528 890 612; x_wconf 86' lang='grc' dir='ltr'><strong><em>τούς</em></strong></span> <span class='ocrx_word' id='word_1_11' title='bbox 910 533 1032 612; x_wconf 86' lang='grc' dir='ltr'><strong><em>παῒδας</em></strong></span> <span class='ocrx_word' id='word_1_12' title='bbox 1051 533 1088 598; x_wconf 90' lang='grc' dir='ltr'><strong><em>δε</em></strong></span> <span class='ocrx_word' id='word_1_13' title='bbox 1109 531 1232 600; x_wconf 46' lang='grc' dir='ltr'><strong><em>διαλέὲ</em></strong></span> 
     </span>
     <span class='ocr_line' id='line_1_3' title="bbox 113 635 1265 772; baseline -0.003 -65"><span class='ocrx_word' id='word_1_14' title='bbox 113 664 216 727; x_wconf 82' lang='grc' dir='ltr'><strong><em>γεται,</em></strong></span> <span class='ocrx_word' id='word_1_15' title='bbox 241 637 287 720; x_wconf 77' lang='grc' dir='ltr'><strong><em>ὥς</em></strong></span> <span class='ocrx_word' id='word_1_16' title='bbox 308 639 536 726; x_wconf 81' lang='grc' dir='ltr'><strong><em>οἰκτροτέρους</em></strong></span> <span class='ocrx_word' id='word_1_17' title='bbox 556 665 611 708; x_wconf 91' lang='grc' dir='ltr'><strong><em>και</em></strong></span> <span class='ocrx_word' id='word_1_18' title='bbox 602 642 754 726; x_wconf 84' lang='grc' dir='ltr'><strong><em>μᾶλλον</em></strong></span> <span class='ocrx_word' id='word_1_19' title='bbox 765 640 927 726; x_wconf 73' lang='grc' dir='ltr'><em>βοηθείας</em></span> <span class='ocrx_word' id='word_1_20' title='bbox 941 635 1163 772; x_wconf 68' lang='grc' dir='ltr'><strong><em>δεομένους,“</em></strong></span> <span class='ocrx_word' id='word_1_21' title='bbox 1148 635 1265 725; x_wconf 86' lang='grc' dir='ltr'><strong><em>ἀμα’</em></strong></span> 
     </span>
     <span class='ocr_line' id='line_1_4' title="bbox 114 744 966 840; baseline -0.005 -22"><span class='ocrx_word' id='word_1_22' title='bbox 114 750 152 818; x_wconf 76' lang='grc' dir='ltr'><strong><em>δὲ</em></strong></span> <span class='ocrx_word' id='word_1_23' title='bbox 174 775 229 840; x_wconf 82' lang='grc' dir='ltr'><strong><em>και</em></strong></span> <span class='ocrx_word' id='word_1_24' title='bbox 220 746 304 818; x_wconf 84' lang='grc' dir='ltr'><strong><em>διὰ</em></strong></span> <span class='ocrx_word' id='word_1_25' title='bbox 324 774 364 817; x_wconf 85' lang='grc' dir='ltr'><strong><em>το</em></strong></span> <span class='ocrx_word' id='word_1_26' title='bbox 354 744 579 837; x_wconf 52' lang='grc' dir='ltr'><strong><em>πλῆθος(</em></strong></span> <span class='ocrx_word' id='word_1_27' title='bbox 553 775 599 828; x_wconf 90' lang='grc' dir='ltr'><strong><em>ως</em></strong></span> <span class='ocrx_word' id='word_1_28' title='bbox 622 749 902 836; x_wconf 81' lang='grc' dir='ltr'><strong><em>ἐπικρατέστερσν</em></strong></span> <span class='ocrx_word' id='word_1_29' title='bbox 962 821 966 826; x_wconf 54' lang='grc'><strong>,</strong></span> 
     </span>
    </p>

    <p class='ocr_par' dir='ltr' id='par_1_3' title="bbox 113 849 1244 1275">
     <span class='ocr_line' id='line_1_5' title="bbox 199 849 1216 947; baseline -0.002 -21"><span class='ocrx_word' id='word_1_30' title='bbox 199 862 242 928; x_wconf 89' lang='lat' dir='ltr'><strong><em>ib.</em></strong></span> <span class='ocrx_word' id='word_1_31' title='bbox 254 861 295 926; x_wconf 87' lang='grc'><strong><em>93</em></strong></span> <span class='ocrx_word' id='word_1_32' title='bbox 314 859 347 938; x_wconf 81' lang='grc' dir='ltr'><em>ἒ</em></span> <span class='ocrx_word' id='word_1_33' title='bbox 368 853 494 938; x_wconf 96' lang='grc' dir='ltr'><strong><em>πάντας</em></strong></span> <span class='ocrx_word' id='word_1_34' title='bbox 514 849 618 925; x_wconf 78' lang='grc' dir='ltr'><strong><em>αύδατ</em></strong></span> <span class='ocrx_word' id='word_1_35' title='bbox 638 850 737 942; x_wconf 88' lang='grc' dir='ltr'><strong><em>ἀξίως</em></strong></span> <span class='ocrx_word' id='word_1_36' title='bbox 760 862 820 926; x_wconf 84' lang='grc' dir='ltr'><strong><em>τοῦ</em></strong></span> <span class='ocrx_word' id='word_1_37' title='bbox 841 860 1011 944; x_wconf 76' lang='grc' dir='ltr'><strong><em>βασιλικοῦ</em></strong></span> <span class='ocrx_word' id='word_1_38' title='bbox 1032 849 1139 946; x_wconf 81' lang='grc' dir='ltr'><strong><em>η’θους</em></strong></span> <span class='ocrx_word' id='word_1_39' title='bbox 1158 861 1216 947; x_wconf 85' lang='grc' dir='ltr'><strong><em>δη-</em></strong></span> 
     </span>
     <span class='ocr_line' id='line_1_6' title="bbox 113 952 1244 1102; baseline -0.001 -65"><span class='ocrx_word' id='word_1_40' title='bbox 113 968 218 1058; x_wconf 76' lang='grc' dir='ltr'><strong><em>μοσίᾳ</em></strong></span> <span class='ocrx_word' id='word_1_41' title='bbox 240 963 375 1057; x_wconf 79' lang='grc' dir='ltr'><strong><em>φράζειν</em></strong></span> <span class='ocrx_word' id='word_1_42' title='bbox 395 964 567 1034; x_wconf 79' lang='grc' dir='ltr'><strong><em>κελεύει·</em></strong></span> <span class='ocrx_word' id='word_1_43' title='bbox 553 964 619 1053; x_wconf 90' lang='grc' dir='ltr'><strong><em>άμα</em></strong></span> <span class='ocrx_word' id='word_1_44' title='bbox 637 968 697 1052; x_wconf 78' lang='grc' dir='ltr'><strong><em>μὲν</em></strong></span> <span class='ocrx_word' id='word_1_45' title='bbox 717 969 792 1036; x_wconf 84' lang='grc' dir='ltr'><strong><em>επεὶ</em></strong></span> <span class='ocrx_word' id='word_1_46' title='bbox 814 964 953 1056; x_wconf 78' lang='grc' dir='ltr'><strong><em>μηδὲν&lt;</em></strong></span> <span class='ocrx_word' id='word_1_47' title='bbox 935 965 1119 1035; x_wconf 81' lang='grc' dir='ltr'><strong><em>υποπτεύει</em></strong></span> <span class='ocrx_word' id='word_1_48' title='bbox 1136 952 1244 1102; x_wconf 74' lang='grc' dir='ltr'><strong><em>περίύ</em></strong></span> 
     </span>
     <span class='ocr_line' id='line_1_7' title="bbox 114 1070 1217 1165; baseline -0.001 -20"><span class='ocrx_word' id='word_1_49' title='bbox 114 1075 234 1145; x_wconf 74' lang='grc' dir='ltr'><strong><em>ἑαυτοῦ</em></strong></span> <span class='ocrx_word' id='word_1_50' title='bbox 253 1077 309 1144; x_wconf 86' lang='grc' dir='ltr'><strong><em>καί</em></strong></span> <span class='ocrx_word' id='word_1_51' title='bbox 334 1072 438 1146; x_wconf 88' lang='grc' dir='ltr'><strong><em>οίεται</em></strong></span> <span class='ocrx_word' id='word_1_52' title='bbox 459 1070 676 1165; x_wconf 78' lang='grc' dir='ltr'><strong><em>θεοφιλὴς</em></strong></span> <span class='ocrx_word' id='word_1_53' title='bbox 645 1103 737 1158; x_wconf 84' lang='grc' dir='ltr'><strong><em>ειναι,</em></strong></span> <span class='ocrx_word' id='word_1_54' title='bbox 772 1073 839 1163; x_wconf 84' lang='grc' dir='ltr'><strong><em>άμα</em></strong></span> <span class='ocrx_word' id='word_1_55' title='bbox 861 1077 897 1145; x_wconf 78' lang='grc' dir='ltr'><strong><em>δὲ</em></strong></span> <span class='ocrx_word' id='word_1_56' title='bbox 918 1077 973 1145; x_wconf 80' lang='grc' dir='ltr'><strong><em>καὶ</em></strong></span> <span class='ocrx_word' id='word_1_57' title='bbox 994 1074 1079 1162; x_wconf 77' lang='grc' dir='ltr'><strong><em>ύπδρ</em></strong></span> <span class='ocrx_word' id='word_1_58' title='bbox 1100 1081 1160 1144; x_wconf 84' lang='grc' dir='ltr'><strong><em>τού</em></strong></span> <span class='ocrx_word' id='word_1_59' title='bbox 1182 1077 1217 1144; x_wconf 78' lang='grc' dir='ltr'><strong><em>ἐν</em></strong></span> 
     </span>
     <span class='ocr_line' id='line_1_8' title="bbox 114 1179 994 1276; baseline 0 -23"><span class='ocrx_word' id='word_1_60' title='bbox 114 1187 207 1274; x_wconf 83' lang='grc' dir='ltr'><strong><em>μέσῳ</em></strong></span> <span class='ocrx_word' id='word_1_61' title='bbox 229 1184 398 1274; x_wconf 82' lang='grc' dir='ltr'><strong><em>ρηθέντων</em></strong></span> <span class='ocrx_word' id='word_1_62' title='bbox 418 1179 601 1276; x_wconf 80' lang='grc' dir='ltr'><strong><em>ἀνυσθῆναι</em></strong></span> <span class='ocrx_word' id='word_1_63' title='bbox 621 1184 662 1252; x_wconf 85' lang='grc' dir='ltr'><strong><em>τά</em></strong></span> <span class='ocrx_word' id='word_1_64' title='bbox 681 1191 740 1274; x_wconf 84' lang='grc' dir='ltr'><strong><em>τῆς</em></strong></span> <span class='ocrx_word' id='word_1_65' title='bbox 760 1180 994 1275; x_wconf 80' lang='grc' dir='ltr'><strong><em>ἀναζητὴσεως.</em></strong></span> 
     </span>
    </p>

    <p class='ocr_par' dir='ltr' id='par_1_4' title="bbox 115 1231 1266 1929">
     <span class='ocr_line' id='line_1_9' title="bbox 199 1231 1217 1384; baseline -0.001 -22"><span class='ocrx_word' id='word_1_66' title='bbox 199 1299 244 1364; x_wconf 90' lang='lat' dir='ltr'><strong><em>ib.</em></strong></span> <span class='ocrx_word' id='word_1_67' title='bbox 263 1296 324 1362; x_wconf 77' lang='lat'><strong><em>287</em></strong></span> <span class='ocrx_word' id='word_1_68' title='bbox 347 1290 415 1363; x_wconf 88' lang='grc' dir='ltr'><strong><em>ἀλλ’</em></strong></span> <span class='ocrx_word' id='word_1_69' title='bbox 439 1290 497 1364; x_wconf 88' lang='grc' dir='ltr'><strong><em>οόκ</em></strong></span> <span class='ocrx_word' id='word_1_70' title='bbox 520 1231 553 1364; x_wconf 82' lang='grc' dir='ltr'><strong><em>ἒύ</em></strong></span> <span class='ocrx_word' id='word_1_71' title='bbox 582 1289 711 1384; x_wconf 73' lang='grc' dir='ltr'><strong><em>ἀργοῖςι</em></strong></span> <span class='ocrx_word' id='word_1_72' title='bbox 742 1289 915 1363; x_wconf 82' lang='grc' dir='ltr'><strong><em>κάνταῦθα</em></strong></span> <span class='ocrx_word' id='word_1_73' title='bbox 939 1293 978 1364; x_wconf 87' lang='grc' dir='ltr'><strong><em>τό</em></strong></span> <span class='ocrx_word' id='word_1_74' title='bbox 1004 1291 1217 1384; x_wconf 80' lang='grc' dir='ltr'><strong><em>κηδεμονικόν</em></strong></span> 
     </span>
     <span class='ocr_line' id='line_1_10' title="bbox 115 1393 1220 1494; baseline 0 -24"><span class='ocrx_word' id='word_1_75' title='bbox 115 1409 176 1471; x_wconf 83' lang='grc' dir='ltr'><strong><em>τού</em></strong></span> <span class='ocrx_word' id='word_1_76' title='bbox 199 1395 306 1491; x_wconf 68' lang='grc' dir='ltr'><strong><em>ἤθους</em></strong></span> <span class='ocrx_word' id='word_1_77' title='bbox 326 1400 525 1494; x_wconf 77' lang='grc' dir='ltr'><strong><em>διετήρησεν.</em></strong></span> <span class='ocrx_word' id='word_1_78' title='bbox 554 1402 592 1472; x_wconf 86' lang='grc' dir='ltr'><strong><em>τό</em></strong></span> <span class='ocrx_word' id='word_1_79' title='bbox 622 1406 683 1490; x_wconf 80' lang='grc' dir='ltr'><strong><em>μὲν</em></strong></span> <span class='ocrx_word' id='word_1_80' title='bbox 714 1393 772 1472; x_wconf 88' lang='grc' dir='ltr'><strong><em>σύν</em></strong></span> <span class='ocrx_word' id='word_1_81' title='bbox 790 1403 942 1484; x_wconf 65' lang='grc' dir='ltr'><strong><em>ιδιπλοῦς</em></strong></span> <span class='ocrx_word' id='word_1_82' title='bbox 962 1397 1131 1488; x_wconf 72' lang='grc' dir='ltr'><strong><em>πομπούς’</em></strong></span> <span class='ocrx_word' id='word_1_83' title='bbox 1159 1409 1220 1494; x_wconf 82' lang='grc' dir='ltr'><strong><em>τῆς</em></strong></span> 
     </span>
     <span class='ocr_line' id='line_1_11' title="bbox 116 1507 1266 1603; baseline -0.003 -23"><span class='ocrx_word' id='word_1_84' title='bbox 116 1513 267 1603; x_wconf 82' lang='grc' dir='ltr'><strong><em>σπουδῆς</em></strong></span> <span class='ocrx_word' id='word_1_85' title='bbox 287 1514 357 1582; x_wconf 75' lang='grc' dir='ltr'><strong><em>ἔστι</em></strong></span> <span class='ocrx_word' id='word_1_86' title='bbox 375 1511 564 1603; x_wconf 82' lang='grc' dir='ltr'><strong><em>τεκμήριον·</em></strong></span> <span class='ocrx_word' id='word_1_87' title='bbox 586 1511 625 1583; x_wconf 86' lang='grc' dir='ltr'><strong><em>τό</em></strong></span> <span class='ocrx_word' id='word_1_88' title='bbox 648 1514 685 1582; x_wconf 77' lang='grc' dir='ltr'><strong><em>δὲ</em></strong></span> <span class='ocrx_word' id='word_1_89' title='bbox 698 1511 877 1600; x_wconf 52' lang='grc' dir='ltr'><strong><em>(Κρέοντος</em></strong></span> <span class='ocrx_word' id='word_1_90' title='bbox 888 1507 1051 1592; x_wconf 78' lang='grc' dir='ltr'><strong><em>εἰπόντος’</em></strong></span> <span class='ocrx_word' id='word_1_91' title='bbox 1071 1510 1218 1581; x_wconf 87' lang='grc' dir='ltr'><strong><em>πιθανόν</em></strong></span> <span class='ocrx_word' id='word_1_92' title='bbox 1232 1523 1266 1577; x_wconf 84' lang='lat'><strong><em>1⁰</em></strong></span> 
     </span>
     <span class='ocr_line' id='line_1_12' title="bbox 117 1617 1220 1712; baseline 0.003 -24"><span class='ocrx_word' id='word_1_93' title='bbox 117 1618 167 1701; x_wconf 83' lang='grc' dir='ltr'><strong><em>είς</em></strong></span> <span class='ocrx_word' id='word_1_94' title='bbox 187 1617 228 1688; x_wconf 83' lang='grc' dir='ltr'><strong><em>τά</em></strong></span> <span class='ocrx_word' id='word_1_95' title='bbox 249 1619 332 1710; x_wconf 76' lang='grc' dir='ltr'><strong><em>ἑξῆς,</em></strong></span> <span class='ocrx_word' id='word_1_96' title='bbox 351 1623 404 1688; x_wconf 76' lang='grc' dir='ltr'><strong><em>ἵνα</em></strong></span> <span class='ocrx_word' id='word_1_97' title='bbox 425 1619 445 1712; x_wconf 79' lang='grc' dir='ltr'><em>ἦ</em></span> <span class='ocrx_word' id='word_1_98' title='bbox 467 1619 610 1691; x_wconf 79' lang='grc' dir='ltr'><strong><em>ὑπόνοια</em></strong></span> <span class='ocrx_word' id='word_1_99' title='bbox 629 1617 730 1692; x_wconf 83' lang='grc' dir='ltr'><strong><em>αύτοῦ</em></strong></span> <span class='ocrx_word' id='word_1_100' title='bbox 752 1623 865 1692; x_wconf 91' lang='grc' dir='ltr'><strong><em>πίστιν</em></strong></span> <span class='ocrx_word' id='word_1_101' title='bbox 879 1621 960 1708; x_wconf 75' lang='grc' dir='ltr'><strong><em>ἔχοι,</em></strong></span> <span class='ocrx_word' id='word_1_102' title='bbox 979 1619 1018 1689; x_wconf 83' lang='grc' dir='ltr'><strong><em>τό</em></strong></span> <span class='ocrx_word' id='word_1_103' title='bbox 1035 1621 1220 1708; x_wconf 74' lang='grc' dir='ltr'><strong><em>πεπεισμέ-</em></strong></span> 
     </span>
     <span class='ocr_line' id='line_1_13' title="bbox 117 1727 1219 1828; baseline 0 -29"><span class='ocrx_word' id='word_1_104' title='bbox 117 1755 176 1799; x_wconf 89' lang='grc' dir='ltr'><strong><em>νον</em></strong></span> <span class='ocrx_word' id='word_1_105' title='bbox 197 1728 265 1799; x_wconf 84' lang='grc' dir='ltr'><strong><em>ύπδ</em></strong></span> <span class='ocrx_word' id='word_1_106' title='bbox 286 1735 346 1800; x_wconf 87' lang='grc' dir='ltr'><strong><em>τού</em></strong></span> <span class='ocrx_word' id='word_1_107' title='bbox 362 1730 529 1818; x_wconf 81' lang='grc' dir='ltr'><strong><em>Κρέοντος</em></strong></span> <span class='ocrx_word' id='word_1_108' title='bbox 549 1728 608 1799; x_wconf 85' lang='grc' dir='ltr'><strong><em>τόν</em></strong></span> <span class='ocrx_word' id='word_1_109' title='bbox 623 1733 792 1817; x_wconf 84' lang='grc' dir='ltr'><strong><em>Τειρεσίαν</em></strong></span> <span class='ocrx_word' id='word_1_110' title='bbox 811 1727 1034 1828; x_wconf 70' lang='grc' dir='ltr'><strong><em>μαντεύεσθαι</em></strong></span> <span class='ocrx_word' id='word_1_111' title='bbox 1056 1728 1138 1798; x_wconf 85' lang='grc' dir='ltr'><strong><em>κατά</em></strong></span> <span class='ocrx_word' id='word_1_112' title='bbox 1158 1735 1219 1799; x_wconf 84' lang='grc' dir='ltr'><strong><em>τού</em></strong></span> 
     </span>
     <span class='ocr_line' id='line_1_14' title="bbox 121 1836 504 1929; baseline 0 -21"><span class='ocrx_word' id='word_1_113' title='bbox 121 1836 302 1920; x_wconf 76' lang='grc' dir='ltr'><strong><em>Οἰδίποδος</em></strong></span> <span class='ocrx_word' id='word_1_114' title='bbox 321 1837 362 1906; x_wconf 84' lang='grc' dir='ltr'><strong><em>τὰ</em></strong></span> <span class='ocrx_word' id='word_1_115' title='bbox 386 1841 504 1929; x_wconf 82' lang='grc' dir='ltr'><strong><em>ψευδῆ.</em></strong></span> 
     </span>
    </p>

    <p class='ocr_par' dir='ltr' id='par_1_5' title="bbox 120 1943 1328 2148">
     <span class='ocr_line' id='line_1_15' title="bbox 203 1943 1219 2037; baseline -0.003 -22"><span class='ocrx_word' id='word_1_116' title='bbox 203 1950 247 2018; x_wconf 86' lang='lat' dir='ltr'><strong><em>ib.</em></strong></span> <span class='ocrx_word' id='word_1_117' title='bbox 267 1951 330 2016; x_wconf 78' lang='lat'><strong><em>312</em></strong></span> <span class='ocrx_word' id='word_1_118' title='bbox 353 1945 414 2034; x_wconf 83' lang='grc' dir='ltr'><strong><em>ὅρα</em></strong></span> <span class='ocrx_word' id='word_1_119' title='bbox 435 1947 474 2017; x_wconf 88' lang='grc' dir='ltr'><strong><em>τδ</em></strong></span> <span class='ocrx_word' id='word_1_120' title='bbox 503 1953 562 2018; x_wconf 83' lang='grc' dir='ltr'><strong><em>τοῦ</em></strong></span> <span class='ocrx_word' id='word_1_121' title='bbox 591 1945 790 2037; x_wconf 85' lang='grc' dir='ltr'><strong><em>κηδεμόνος,’</em></strong></span> <span class='ocrx_word' id='word_1_122' title='bbox 810 1945 860 2016; x_wconf 83' lang='grc' dir='ltr'><strong><em>ότι</em></strong></span> <span class='ocrx_word' id='word_1_123' title='bbox 886 1951 1074 2016; x_wconf 83' lang='grc' dir='ltr'><strong><em>τελευταῖον</em></strong></span> <span class='ocrx_word' id='word_1_124' title='bbox 1102 1943 1219 2016; x_wconf 73' lang='grc' dir='ltr'><strong><em>ἔαυτόν</em></strong></span> 
     </span>
     <span class='ocr_line' id='line_1_16' title="bbox 120 2047 1328 2186; baseline -0.004 -62"><span class='ocrx_word' id='word_1_125' title='bbox 120 2047 252 2142; x_wconf 44' lang='grc' dir='ltr'><strong><em>ἔταξεν)</em></strong></span> <span class='ocrx_word' id='word_1_126' title='bbox 265 2053 361 2136; x_wconf 81' lang='grc' dir='ltr'><strong><em>ὅπως</em></strong></span> <span class='ocrx_word' id='word_1_127' title='bbox 381 2051 538 2148; x_wconf 75' lang='grc' dir='ltr'><strong><em>ἀφέλοιτο</em></strong></span> <span class='ocrx_word' id='word_1_128' title='bbox 560 2055 599 2124; x_wconf 88' lang='grc' dir='ltr'><strong><em>τό</em></strong></span> <span class='ocrx_word' id='word_1_129' title='bbox 622 2053 781 2186; x_wconf 87' lang='grc' dir='ltr'><strong><em>φορτικόν</em></strong></span> <span class='ocrx_word' id='word_1_130' title='bbox 801 2061 859 2145; x_wconf 82' lang='grc' dir='ltr'><strong><em>τῆς</em></strong></span> <span class='ocrx_word' id='word_1_131' title='bbox 880 2057 1036 2141; x_wconf 73' lang='grc' dir='ltr'><strong><em>ἐξουσίας.</em></strong></span> <span class='ocrx_word' id='word_1_132' title='bbox 1234 2069 1268 2123; x_wconf 77' lang='lat'><strong><em>15</em></strong></span> <span class='ocrx_word' id='word_1_133' title='bbox 1322 2111 1328 2118; x_wconf 92' lang='lat'>.</span> 
     </span>
    </p>

    <p class='ocr_par' dir='ltr' id='par_1_6' title="bbox 120 2155 1227 2474">
     <span class='ocr_line' id='line_1_17' title="bbox 151 2155 1219 2257; baseline 0.001 -26"><span class='ocrx_word' id='word_1_134' title='bbox 151 2197 155 2204; x_wconf 94' lang='lat'>·</span> <span class='ocrx_word' id='word_1_135' title='bbox 204 2168 247 2232; x_wconf 84' lang='lat' dir='ltr'><strong><em>ib.</em></strong></span> <span class='ocrx_word' id='word_1_136' title='bbox 270 2162 374 2234; x_wconf 85' lang='lat'>669‘</span> <span class='ocrx_word' id='word_1_137' title='bbox 357 2192 375 2234; x_wconf 94' lang='grc' dir='ltr'><strong><em>ο</em></strong></span> <span class='ocrx_word' id='word_1_138' title='bbox 399 2168 426 2234; x_wconf 84' lang='grc' dir='ltr'><strong><em>δ’</em></strong></span> <span class='ocrx_word' id='word_1_139' title='bbox 453 2155 511 2235; x_wconf 84' lang='grc' dir='ltr'><strong><em>σύν</em></strong></span> <span class='ocrx_word' id='word_1_140' title='bbox 538 2163 616 2234; x_wconf 75' lang='grc' dir='ltr'><strong><em>ἰ’τωε</em></strong></span> <span class='ocrx_word' id='word_1_141' title='bbox 648 2164 687 2234; x_wconf 86' lang='grc' dir='ltr'><strong><em>τό</em></strong></span> <span class='ocrx_word' id='word_1_142' title='bbox 710 2163 899 2257; x_wconf 84' lang='grc' dir='ltr'><strong><em>φιλόκαινον</em></strong></span> <span class='ocrx_word' id='word_1_143' title='bbox 925 2160 1025 2233; x_wconf 80' lang='grc' dir='ltr'><strong><em>αύτοῦ</em></strong></span> <span class='ocrx_word' id='word_1_144' title='bbox 1050 2159 1219 2234; x_wconf 82' lang='grc' dir='ltr'><strong><em>κάνταῦθα</em></strong></span> 
     </span>
     <span class='ocr_line' id='line_1_18' title="bbox 120 2267 1227 2380; baseline -0.004 -36"><span class='ocrx_word' id='word_1_145' title='bbox 120 2271 341 2357; x_wconf 62' lang='grc' dir='ltr'><strong><em>δείκνυσιν,“</em></strong></span> <span class='ocrx_word' id='word_1_146' title='bbox 315 2301 361 2355; x_wconf 89' lang='grc' dir='ltr'><strong><em>ως</em></strong></span> <span class='ocrx_word' id='word_1_147' title='bbox 382 2301 420 2343; x_wconf 87' lang='grc' dir='ltr'><strong><em>ου</em></strong></span> <span class='ocrx_word' id='word_1_148' title='bbox 411 2268 519 2342; x_wconf 70' lang='lat'>&#39;’‘6</span> <span class='ocrx_word' id='word_1_149' title='bbox 506 2272 622 2344; x_wconf 86' lang='grc' dir='ltr'><strong><em>εαυτόν</em></strong></span> <span class='ocrx_word' id='word_1_150' title='bbox 642 2271 966 2364; x_wconf 86' lang='grc' dir='ltr'><strong><em>παρακεχωρηκότος,</em></strong></span> <span class='ocrx_word' id='word_1_151' title='bbox 987 2267 1068 2342; x_wconf 84' lang='grc' dir='ltr'><strong><em>ἀλλά</em></strong></span> <span class='ocrx_word' id='word_1_152' title='bbox 1087 2270 1142 2342; x_wconf 83' lang='grc' dir='ltr'><strong><em>διδ</em></strong></span> <span class='ocrx_word' id='word_1_153' title='bbox 1161 2271 1227 2380; x_wconf 72' lang='grc' dir='ltr'><strong><em>τὴν</em></strong></span> 
     </span>
     <span class='ocr_line' id='line_1_19' title="bbox 120 2378 953 2474; baseline 0.002 -24"><span class='ocrx_word' id='word_1_154' title='bbox 120 2379 285 2467; x_wconf 87' lang='grc' dir='ltr'><strong><em>πόλιν,</em></strong></span> <span class='ocrx_word' id='word_1_155' title='bbox 253 2380 312 2451; x_wconf 81' lang='grc' dir='ltr'><strong><em>κάν</em></strong></span> <span class='ocrx_word' id='word_1_156' title='bbox 335 2384 392 2474; x_wconf 82' lang='grc' dir='ltr'><strong><em>δέη</em></strong></span> <span class='ocrx_word' id='word_1_157' title='bbox 415 2378 515 2451; x_wconf 79' lang='grc' dir='ltr'><strong><em>αὐτόν</em></strong></span> <span class='ocrx_word' id='word_1_158' title='bbox 538 2384 720 2452; x_wconf 73' lang='grc' dir='ltr'><strong><em>πεισθέντα</em></strong></span> <span class='ocrx_word' id='word_1_159' title='bbox 742 2386 953 2452; x_wconf 83' lang='grc' dir='ltr'><strong><em>κινδυνεύσαι.</em></strong></span> 
     </span>
    </p>

    <p class='ocr_par' dir='ltr' id='par_1_7' title="bbox 120 2485 1270 2906">
     <span class='ocr_line' id='line_1_20' title="bbox 211 2485 1220 2583; baseline 0 -23"><span class='ocrx_word' id='word_1_160' title='bbox 211 2495 265 2560; x_wconf 84' lang='grc' dir='ltr'><strong><em>Αἰ</em></strong></span> <span class='ocrx_word' id='word_1_161' title='bbox 291 2488 423 2560; x_wconf 81' lang='lat'>1184’</span> <span class='ocrx_word' id='word_1_162' title='bbox 391 2489 451 2560; x_wconf 82' lang='grc' dir='ltr'><strong><em>κάν</em></strong></span> <span class='ocrx_word' id='word_1_163' title='bbox 472 2494 644 2582; x_wconf 81' lang='grc' dir='ltr'><strong><em>μηδεὶς’</em></strong></span> <span class='ocrx_word' id='word_1_164' title='bbox 607 2519 661 2583; x_wconf 65' lang='lat' dir='ltr'><strong><em>eq:</em></strong></span> <span class='ocrx_word' id='word_1_165' title='bbox 690 2486 896 2581; x_wconf 83' lang='grc' dir='ltr'><strong><em>ἀπονενοημέ</em></strong></span> <span class='ocrx_word' id='word_1_166' title='bbox 897 2519 953 2562; x_wconf 94' lang='grc' dir='ltr'><strong><em>νου</em></strong></span> <span class='ocrx_word' id='word_1_167' title='bbox 974 2485 1102 2580; x_wconf 87' lang='grc' dir='ltr'><strong><em>ἀνδρός,</em></strong></span> <span class='ocrx_word' id='word_1_168' title='bbox 1127 2493 1220 2583; x_wconf 81' lang='grc' dir='ltr'><strong><em>φασὶ,</em></strong></span> 
     </span>
     <span class='ocr_line' id='line_1_21' title="bbox 120 2595 1270 2690; baseline -0.003 -23"><span class='ocrx_word' id='word_1_169' title='bbox 120 2598 161 2668; x_wconf 87' lang='grc' dir='ltr'><strong><em>τό</em></strong></span> <span class='ocrx_word' id='word_1_170' title='bbox 183 2597 291 2666; x_wconf 84' lang='grc' dir='ltr'><strong><em>πάντα</em></strong></span> <span class='ocrx_word' id='word_1_171' title='bbox 314 2600 364 2690; x_wconf 77' lang='grc' dir='ltr'><strong><em>ἐφ’</em></strong></span> <span class='ocrx_word' id='word_1_172' title='bbox 387 2597 475 2689; x_wconf 81' lang='grc' dir='ltr'><strong><em>αύτῷ</em></strong></span> <span class='ocrx_word' id='word_1_173' title='bbox 496 2595 688 2668; x_wconf 69' lang='grc' dir='ltr'><strong><em>ἀνατιθέναι</em></strong></span> <span class='ocrx_word' id='word_1_174' title='bbox 709 2602 764 2668; x_wconf 80' lang='grc' dir='ltr'><strong><em>καὶ</em></strong></span> <span class='ocrx_word' id='word_1_175' title='bbox 785 2598 928 2682; x_wconf 70' lang='grc' dir='ltr'><strong><em>οἴεσθαι,</em></strong></span> <span class='ocrx_word' id='word_1_176' title='bbox 953 2597 1005 2668; x_wconf 86' lang='grc' dir='ltr'><strong><em>ὅτι</em></strong></span> <span class='ocrx_word' id='word_1_177' title='bbox 1024 2597 1126 2685; x_wconf 89' lang='grc' dir='ltr'><strong><em>μόνος</em></strong></span> <span class='ocrx_word' id='word_1_178' title='bbox 1142 2625 1221 2686; x_wconf 90' lang='grc' dir='ltr'><strong><em>κρα-</em></strong></span> <span class='ocrx_word' id='word_1_179' title='bbox 1233 2613 1270 2665; x_wconf 78' lang='lat'><strong><em>20</em></strong></span> 
     </span>
     <span class='ocr_line' id='line_1_22' title="bbox 121 2698 1253 2800; baseline -0.001 -23"><span class='ocrx_word' id='word_1_180' title='bbox 121 2705 215 2798; x_wconf 80' lang='grc' dir='ltr'><strong><em>τὴσει</em></strong></span> <span class='ocrx_word' id='word_1_181' title='bbox 234 2713 302 2776; x_wconf 82' lang='grc' dir='ltr'><strong><em>τῶν</em></strong></span> <span class='ocrx_word' id='word_1_182' title='bbox 323 2709 453 2792; x_wconf 79' lang='grc' dir='ltr'><strong><em>ἐχθρῶν</em></strong></span> <span class='ocrx_word' id='word_1_183' title='bbox 474 2710 684 2795; x_wconf 80' lang='grc' dir='ltr'><strong><em>βιαζομένων.</em></strong></span> <span class='ocrx_word' id='word_1_184' title='bbox 728 2709 843 2798; x_wconf 82' lang='grc' dir='ltr'><strong><em>ρητέον</em></strong></span> <span class='ocrx_word' id='word_1_185' title='bbox 874 2698 932 2778; x_wconf 88' lang='grc' dir='ltr'><strong><em>σύν</em></strong></span> <span class='ocrx_word' id='word_1_186' title='bbox 960 2706 1012 2777; x_wconf 83' lang='grc' dir='ltr'><strong><em>δτι</em></strong></span> <span class='ocrx_word' id='word_1_187' title='bbox 1035 2704 1102 2777; x_wconf 82' lang='grc' dir='ltr'><strong><em>ύπδ</em></strong></span> <span class='ocrx_word' id='word_1_188' title='bbox 1124 2711 1222 2800; x_wconf 88' lang='grc' dir='ltr'><strong><em>φιλο·</em></strong></span> <span class='ocrx_word' id='word_1_189' title='bbox 1247 2701 1253 2713; x_wconf 66' lang='grc'><strong><em>’</em></strong></span> 
     </span>
     <span class='ocr_line' id='line_1_23' title="bbox 122 2816 720 2906; baseline -0.007 -16"><span class='ocrx_word' id='word_1_190' title='bbox 122 2819 275 2906; x_wconf 89' lang='grc' dir='ltr'><strong><em>στοργίας</em></strong></span> <span class='ocrx_word' id='word_1_191' title='bbox 298 2816 405 2884; x_wconf 79' lang='grc' dir='ltr'><strong><em>πάντα</em></strong></span> <span class='ocrx_word' id='word_1_192' title='bbox 426 2817 549 2906; x_wconf 85' lang='grc' dir='ltr'><strong><em>λέγει</em></strong></span> <span class='ocrx_word' id='word_1_193' title='bbox 532 2825 720 2905; x_wconf 86' lang='grc' dir='ltr'><strong><em>υπομενεῖν.</em></strong></span> 
     </span>
    </p>

    <p class='ocr_par' dir='ltr' id='par_1_8' title="bbox 123 2890 1271 3235">
     <span class='ocr_line' id='line_1_24' title="bbox 206 2890 1223 3055; baseline 0.003 -63"><span class='ocrx_word' id='word_1_194' title='bbox 206 2926 331 2994; x_wconf 81' lang='lat' dir='ltr'><strong>Phoen.</strong></span> <span class='ocrx_word' id='word_1_195' title='bbox 355 2921 493 2992; x_wconf 79' lang='lat'>1083³&#39;</span> <span class='ocrx_word' id='word_1_196' title='bbox 457 2951 488 2994; x_wconf 85' lang='grc' dir='ltr'><strong><em>ει</em></strong></span> <span class='ocrx_word' id='word_1_197' title='bbox 508 2951 540 2993; x_wconf 87' lang='grc' dir='ltr'><strong><em>τι</em></strong></span> <span class='ocrx_word' id='word_1_198' title='bbox 561 2927 784 3055; x_wconf 85' lang='grc' dir='ltr'><strong><em>Πολυνείκους</em></strong></span> <span class='ocrx_word' id='word_1_199' title='bbox 804 2926 896 3013; x_wconf 73' lang='grc' dir='ltr'><strong><em>πόριε</em></strong></span> <span class='ocrx_word' id='word_1_200' title='bbox 906 2890 1141 3055; x_wconf 75' lang='grc' dir='ltr'><strong><em>φιλοστόργου</em></strong></span> <span class='ocrx_word' id='word_1_201' title='bbox 1160 2953 1223 3015; x_wconf 89' lang='grc' dir='ltr'><strong><em>μη-</em></strong></span> 
     </span>
     <span class='ocr_line' id='line_1_25' title="bbox 123 3026 1224 3125; baseline -0.002 -21"><span class='ocrx_word' id='word_1_202' title='bbox 123 3034 202 3125; x_wconf 87' lang='grc' dir='ltr'><strong><em>τρός</em></strong></span> <span class='ocrx_word' id='word_1_203' title='bbox 223 3026 318 3125; x_wconf 78' lang='grc' dir='ltr'><strong><em>ἦθος·</em></strong></span> <span class='ocrx_word' id='word_1_204' title='bbox 342 3027 468 3119; x_wconf 82' lang='grc' dir='ltr'><strong><em>εύχεται</em></strong></span> <span class='ocrx_word' id='word_1_205' title='bbox 487 3033 546 3122; x_wconf 86' lang='grc' dir='ltr'><strong><em>γάρ</em></strong></span> <span class='ocrx_word' id='word_1_206' title='bbox 558 3031 710 3122; x_wconf 88' lang='grc' dir='ltr'><strong><em>εκάτερον</em></strong></span> <span class='ocrx_word' id='word_1_207' title='bbox 723 3029 877 3119; x_wconf 86' lang='grc' dir='ltr'><strong><em>εύτυχείν</em></strong></span> <span class='ocrx_word' id='word_1_208' title='bbox 895 3028 1062 3104; x_wconf 86' lang='grc' dir='ltr'><strong><em>ἀκούσασα</em></strong></span> <span class='ocrx_word' id='word_1_209' title='bbox 1083 3036 1121 3104; x_wconf 77' lang='grc' dir='ltr'><strong><em>δὲ</em></strong></span> <span class='ocrx_word' id='word_1_210' title='bbox 1143 3037 1224 3124; x_wconf 79' lang='grc' dir='ltr'><strong><em>περὶ</em></strong></span> 
     </span>
     <span class='ocr_line' id='line_1_26' title="bbox 125 3139 1271 3235; baseline 0.002 -22"><span class='ocrx_word' id='word_1_211' title='bbox 125 3139 339 3231; x_wconf 82' lang='grc' dir='ltr'><strong><em>Ἐτεοκλέους,</em></strong></span> <span class='ocrx_word' id='word_1_212' title='bbox 362 3146 516 3232; x_wconf 82' lang='grc' dir='ltr'><strong><em>καὶπερὶ</em></strong></span> <span class='ocrx_word' id='word_1_213' title='bbox 537 3146 759 3225; x_wconf 86' lang='grc' dir='ltr'><strong><em>Πολυνείκους</em></strong></span> <span class='ocrx_word' id='word_1_214' title='bbox 780 3145 901 3235; x_wconf 77' lang='grc' dir='ltr'><strong><em>ἐρωτᾷ.</em></strong></span> <span class='ocrx_word' id='word_1_215' title='bbox 1236 3161 1271 3215; x_wconf 78' lang='lat'><strong><em>25</em></strong></span> 
     </span>
    </p>

    <p class='ocr_par' dir='ltr' id='par_1_9' title="bbox 210 3249 1224 3345">
     <span class='ocr_line' id='line_1_27' title="bbox 210 3249 1224 3345; baseline -0.002 -25"><span class='ocrx_word' id='word_1_216' title='bbox 210 3256 326 3342; x_wconf 82' lang='lat' dir='ltr'><strong>Antig.</strong></span> <span class='ocrx_word' id='word_1_217' title='bbox 346 3255 409 3322; x_wconf 81' lang='lat'><strong><em>423</em></strong></span> <span class='ocrx_word' id='word_1_218' title='bbox 430 3251 469 3322; x_wconf 86' lang='grc' dir='ltr'><strong><em>τό</em></strong></span> <span class='ocrx_word' id='word_1_219' title='bbox 490 3250 709 3345; x_wconf 77' lang='grc' dir='ltr'><strong><em>φιλόστοργον</em></strong></span> <span class='ocrx_word' id='word_1_220' title='bbox 729 3257 786 3342; x_wconf 77' lang='grc' dir='ltr'><strong><em>τῆς</em></strong></span> <span class='ocrx_word' id='word_1_221' title='bbox 806 3249 905 3341; x_wconf 82' lang='grc' dir='ltr'><strong><em>κόρης</em></strong></span> <span class='ocrx_word' id='word_1_222' title='bbox 927 3250 980 3320; x_wconf 83' lang='grc' dir='ltr'><strong><em>διὰ</em></strong></span> <span class='ocrx_word' id='word_1_223' title='bbox 1000 3249 1128 3321; x_wconf 90' lang='grc' dir='ltr'><strong><em>τούτων</em></strong></span> <span class='ocrx_word' id='word_1_224' title='bbox 1148 3249 1224 3339; x_wconf 79' lang='grc' dir='ltr'><strong><em>δρᾶ-</em></strong></span> 
     </span>
    </p>

    <p class='ocr_par' dir='ltr' id='par_1_10' title="bbox 82 3355 1170 3452">
     <span class='ocr_line' id='line_1_28' title="bbox 82 3355 1170 3452; baseline -0.001 -22"><span class='ocrx_word' id='word_1_225' title='bbox 82 3381 87 3392; x_wconf 85' lang='grc'>·</span> <span class='ocrx_word' id='word_1_226' title='bbox 124 3385 187 3430; x_wconf 89' lang='grc' dir='ltr'><strong><em>ται·</em></strong></span> <span class='ocrx_word' id='word_1_227' title='bbox 208 3359 353 3450; x_wconf 78' lang='grc' dir='ltr'><strong><em>θάφασα</em></strong></span> <span class='ocrx_word' id='word_1_228' title='bbox 372 3361 431 3452; x_wconf 84' lang='grc' dir='ltr'><strong><em>γὰρ</em></strong></span> <span class='ocrx_word' id='word_1_229' title='bbox 454 3358 513 3431; x_wconf 84' lang='grc' dir='ltr'><strong><em>ούκ</em></strong></span> <span class='ocrx_word' id='word_1_230' title='bbox 535 3357 674 3452; x_wconf 74' lang='grc' dir='ltr'><strong><em>ἠμέλησε</em></strong></span> <span class='ocrx_word' id='word_1_231' title='bbox 697 3365 845 3449; x_wconf 84' lang='grc' dir='ltr'><strong><em>δακρύων</em></strong></span> <span class='ocrx_word' id='word_1_232' title='bbox 866 3363 921 3429; x_wconf 82' lang='grc' dir='ltr'><strong><em>καὶ</em></strong></span> <span class='ocrx_word' id='word_1_233' title='bbox 941 3355 1170 3451; x_wconf 82' lang='grc' dir='ltr'><strong><em>θρηνημάτων.</em></strong></span> 
     </span>
    </p>

    <p class='ocr_par' dir='ltr' id='par_1_11' title="bbox 124 3457 1274 3776">
     <span class='ocr_line' id='line_1_29' title="bbox 209 3457 1223 3603; baseline -0.001 -64"><span class='ocrx_word' id='word_1_234' title='bbox 209 3474 253 3540; x_wconf 90' lang='lat' dir='ltr'><strong><em>ib.</em></strong></span> <span class='ocrx_word' id='word_1_235' title='bbox 264 3468 360 3538; x_wconf 80' lang='lat'><strong><em>82&#39;‘</em></strong></span> <span class='ocrx_word' id='word_1_236' title='bbox 321 3499 355 3541; x_wconf 91' lang='grc' dir='ltr'><strong><em>σι</em></strong></span> <span class='ocrx_word' id='word_1_237' title='bbox 369 3498 428 3558; x_wconf 90' lang='grc' dir='ltr'><strong><em>μοι</em></strong></span> <span class='ocrx_word' id='word_1_238' title='bbox 440 3473 608 3561; x_wconf 81' lang='grc' dir='ltr'><strong><em>ταλαίνης·</em></strong></span> <span class='ocrx_word' id='word_1_239' title='bbox 627 3469 846 3603; x_wconf 88' lang='grc' dir='ltr'><strong><em>φιλόστοργον</em></strong></span> <span class='ocrx_word' id='word_1_240' title='bbox 864 3471 918 3538; x_wconf 86' lang='grc' dir='ltr'><strong><em>καὶ</em></strong></span> <span class='ocrx_word' id='word_1_241' title='bbox 933 3467 1051 3558; x_wconf 87' lang='grc' dir='ltr'><strong><em>ταύτης</em></strong></span> <span class='ocrx_word' id='word_1_242' title='bbox 1068 3469 1107 3538; x_wconf 83' lang='grc' dir='ltr'><strong><em>τό</em></strong></span> <span class='ocrx_word' id='word_1_243' title='bbox 1126 3457 1223 3558; x_wconf 84' lang='grc' dir='ltr'><strong><em>η’θσς,</em></strong></span> 
     </span>
     <span class='ocr_line' id='line_1_30' title="bbox 124 3569 1226 3672; baseline -0.002 -24"><span class='ocrx_word' id='word_1_244' title='bbox 124 3574 195 3648; x_wconf 79' lang='grc' dir='ltr'><strong><em>ἀλλ’</em></strong></span> <span class='ocrx_word' id='word_1_245' title='bbox 218 3574 367 3666; x_wconf 85' lang='grc' dir='ltr'><strong><em>εύλαβες·</em></strong></span> <span class='ocrx_word' id='word_1_246' title='bbox 396 3582 542 3651; x_wconf 80' lang='grc' dir='ltr'><strong><em>δέδοικεν</em></strong></span> <span class='ocrx_word' id='word_1_247' title='bbox 567 3569 624 3650; x_wconf 86' lang='grc' dir='ltr'><strong><em>σύν</em></strong></span> <span class='ocrx_word' id='word_1_248' title='bbox 645 3583 699 3648; x_wconf 80' lang='grc' dir='ltr'><strong><em>καί</em></strong></span> <span class='ocrx_word' id='word_1_249' title='bbox 717 3582 797 3669; x_wconf 82' lang='grc' dir='ltr'><strong><em>περὶ</em></strong></span> <span class='ocrx_word' id='word_1_250' title='bbox 818 3586 858 3672; x_wconf 79' lang='grc' dir='ltr'><strong><em>τῇ</em></strong></span> <span class='ocrx_word' id='word_1_251' title='bbox 879 3574 1005 3670; x_wconf 82' lang='grc' dir='ltr'><strong><em>ἀδελφῇ</em></strong></span> <span class='ocrx_word' id='word_1_252' title='bbox 1026 3581 1080 3647; x_wconf 83' lang='grc' dir='ltr'><strong><em>καί</em></strong></span> <span class='ocrx_word' id='word_1_253' title='bbox 1100 3572 1226 3668; x_wconf 78' lang='grc' dir='ltr'><strong><em>ἀναβοᾷ</em></strong></span> 
     </span>
     <span class='ocr_line' id='line_1_31' title="bbox 126 3695 1274 3776; baseline -0.001 -16"><span class='ocrx_word' id='word_1_254' title='bbox 126 3695 340 3776; x_wconf 82' lang='grc' dir='ltr'><strong><em>περιπαθῶς.</em></strong></span> <span class='ocrx_word' id='word_1_255' title='bbox 1238 3706 1274 3759; x_wconf 81' lang='grc'><strong><em>30</em></strong></span> 
     </span>
    </p>
   </div>
   <div class='ocr_carea' id='block_1_3' title="bbox 127 3888 1226 4388">
    <p class='ocr_par' dir='ltr' id='par_1_12' title="bbox 127 3888 1226 4048">
     <span class='ocr_line' id='line_1_32' title="bbox 202 3888 1226 3969; baseline -0.004 -19"><span class='ocrx_word' id='word_1_256' title='bbox 202 3897 236 3950; x_wconf 90' lang='grc'><strong><em>19</em></strong></span> <span class='ocrx_word' id='word_1_257' title='bbox 253 3890 437 3968; x_wconf 81' lang='grc' dir='ltr'><strong><em>ἀνδρός-τὸ</em></strong></span> <span class='ocrx_word' id='word_1_258' title='bbox 457 3891 547 3952; x_wconf 81' lang='grc' dir='ltr'><strong><em>πάντα</em></strong></span> <span class='ocrx_word' id='word_1_259' title='bbox 565 3896 613 3969; x_wconf 75' lang='grc' dir='ltr'><strong><em>ἐφ’</em></strong></span> <span class='ocrx_word' id='word_1_260' title='bbox 630 3893 703 3967; x_wconf 71' lang='grc' dir='ltr'><strong><em>αύτῷ</em></strong></span> <span class='ocrx_word' id='word_1_261' title='bbox 722 3891 882 3951; x_wconf 75' lang='grc' dir='ltr'><strong><em>ἀνατιθέναι</em></strong></span> <span class='ocrx_word' id='word_1_262' title='bbox 900 3897 946 3948; x_wconf 80' lang='grc' dir='ltr'><strong><em>ναὶ</em></strong></span> <span class='ocrx_word' id='word_1_263' title='bbox 963 3891 1107 3952; x_wconf 59' lang='grc' dir='ltr'><strong><em>οἴεσθαιῗ</em></strong></span> <span class='ocrx_word' id='word_1_264' title='bbox 1124 3888 1226 3966; x_wconf 82' lang='grc' dir='ltr'><strong><em>ἀνδρός</em></strong></span> 
     </span>
     <span class='ocr_line' id='line_1_33' title="bbox 127 3991 471 4048; baseline 0 0"><span class='ocrx_word' id='word_1_265' title='bbox 127 3996 158 4048; x_wconf 72' lang='grc' dir='ltr'><strong><em>ού</em></strong></span> <span class='ocrx_word' id='word_1_266' title='bbox 176 3996 223 4046; x_wconf 65' lang='grc' dir='ltr'><strong><em>καὶ</em></strong></span> <span class='ocrx_word' id='word_1_267' title='bbox 238 3997 348 4048; x_wconf 73' lang='grc' dir='ltr'><strong><em>οἴεσθαι</em></strong></span> <span class='ocrx_word' id='word_1_268' title='bbox 367 4009 422 4048; x_wconf 86' lang='lat' dir='ltr'><strong><em>om.</em></strong></span> <span class='ocrx_word' id='word_1_269' title='bbox 439 3991 471 4048; x_wconf 83' lang='lat' dir='ltr'><strong><em>L.</em></strong></span> 
     </span>
    </p>

    <p class='ocr_par' dir='ltr' id='par_1_13' title="bbox 199 4087 684 4163">
     <span class='ocr_line' id='line_1_34' title="bbox 199 4087 684 4163; baseline -0.006 -19"><span class='ocrx_word' id='word_1_270' title='bbox 199 4091 235 4144; x_wconf 71' lang='lat'><strong><em>22</em></strong></span> <span class='ocrx_word' id='word_1_271' title='bbox 250 4087 403 4162; x_wconf 74' lang='grc' dir='ltr'><strong><em>ὑπομενεῖν</em></strong></span> <span class='ocrx_word' id='word_1_272' title='bbox 418 4089 465 4144; x_wconf 85' lang='lat' dir='ltr'><strong><em>Br.</em></strong></span> <span class='ocrx_word' id='word_1_273' title='bbox 484 4087 636 4163; x_wconf 77' lang='grc' dir='ltr'><strong><em>ὑπομένειν</em></strong></span> <span class='ocrx_word' id='word_1_274' title='bbox 653 4088 684 4143; x_wconf 83' lang='lat' dir='ltr'><strong><em>L.</em></strong></span> 
     </span>
    </p>

    <p class='ocr_par' dir='ltr' id='par_1_14' title="bbox 128 4178 1226 4351">
     <span class='ocr_line' id='line_1_35' title="bbox 198 4178 1226 4255; baseline -0.002 -17"><span class='ocrx_word' id='word_1_275' title='bbox 198 4185 350 4239; x_wconf 64' lang='grc'>291176</span> <span class='ocrx_word' id='word_1_276' title='bbox 373 4182 516 4245; x_wconf 81' lang='grc' dir='ltr'><strong><em>Ὀδυσσεὺς</em></strong></span> <span class='ocrx_word' id='word_1_277' title='bbox 547 4211 581 4226; x_wconf 87' lang='lat'><em>-</em></span> <span class='ocrx_word' id='word_1_278' title='bbox 609 4182 640 4239; x_wconf 84' lang='grc' dir='ltr'><strong><em>τὸ</em></strong></span> <span class='ocrx_word' id='word_1_279' title='bbox 672 4183 789 4255; x_wconf 61' lang='grc' dir='ltr'><strong><em>εὐλαβὲς</em></strong></span> <span class='ocrx_word' id='word_1_280' title='bbox 812 4186 989 4241; x_wconf 78' lang='grc' dir='ltr'><strong><em>ἐνδείκνυται.</em></strong></span> <span class='ocrx_word' id='word_1_281' title='bbox 1028 4179 1065 4238; x_wconf 81' lang='lat' dir='ltr'><strong><em>ad</em></strong></span> <span class='ocrx_word' id='word_1_282' title='bbox 1088 4178 1226 4238; x_wconf 77' lang='lat' dir='ltr'>Imenam</span> 
     </span>
     <span class='ocr_line' id='line_1_36' title="bbox 128 4271 1226 4388; baseline -0.002 -55"><span class='ocrx_word' id='word_1_283' title='bbox 128 4281 240 4349; x_wconf 60' lang='lat' dir='ltr'><strong><em>specht</em></strong></span> <span class='ocrx_word' id='word_1_284' title='bbox 256 4279 341 4334; x_wconf 67' lang='lat' dir='ltr'><strong><em>emm</em></strong></span> <span class='ocrx_word' id='word_1_285' title='bbox 358 4277 445 4335; x_wconf 65' lang='lat' dir='ltr'><strong>schol</strong></span> <span class='ocrx_word' id='word_1_286' title='bbox 459 4297 485 4335; x_wconf 86' lang='lat' dir='ltr'><strong><em>v.</em></strong></span> <span class='ocrx_word' id='word_1_287' title='bbox 494 4281 530 4334; x_wconf 77' lang='lat'><strong><em>42</em></strong></span> <span class='ocrx_word' id='word_1_288' title='bbox 547 4280 579 4334; x_wconf 78' lang='grc' dir='ltr'><strong><em>ἔκ</em></strong></span> <span class='ocrx_word' id='word_1_289' title='bbox 597 4272 690 4334; x_wconf 79' lang='grc' dir='ltr'><strong><em>τούτου</em></strong></span> <span class='ocrx_word' id='word_1_290' title='bbox 709 4273 761 4348; x_wconf 82' lang='grc' dir='ltr'><strong><em>ηδη</em></strong></span> <span class='ocrx_word' id='word_1_291' title='bbox 779 4277 810 4334; x_wconf 79' lang='grc' dir='ltr'><strong><em>τὸ</em></strong></span> <span class='ocrx_word' id='word_1_292' title='bbox 828 4271 930 4348; x_wconf 56' lang='lat' dir='ltr'><strong><em>&#39;&#39;stoc‘&#39;</em></strong></span> <span class='ocrx_word' id='word_1_293' title='bbox 914 4299 974 4350; x_wconf 82' lang='grc' dir='ltr'><strong><em>ορα,</em></strong></span> <span class='ocrx_word' id='word_1_294' title='bbox 992 4271 1174 4388; x_wconf 75' lang='grc' dir='ltr'><strong><em>κινδύνευμα</em></strong></span> <span class='ocrx_word' id='word_1_295' title='bbox 1176 4293 1226 4332; x_wconf 83' lang='grc' dir='ltr'><strong><em>κα-</em></strong></span> 
     </span>
    </p>
   </div>
   <div class='ocr_carea' id='block_1_4' title="bbox 31 4368 386 4450">
    <p class='ocr_par' dir='ltr' id='par_1_15' title="bbox 31 4368 386 4450">
     <span class='ocr_line' id='line_1_37' title="bbox 31 4368 386 4450; baseline 0.006 -20"><span class='ocrx_word' id='word_1_296' title='bbox 31 4425 36 4436; x_wconf 88' lang='grc'><em>,</em></span> <span class='ocrx_word' id='word_1_297' title='bbox 128 4368 228 4446; x_wconf 80' lang='grc' dir='ltr'><strong><em>λούσης</em></strong></span> <span class='ocrx_word' id='word_1_298' title='bbox 245 4372 277 4432; x_wconf 82' lang='grc' dir='ltr'><strong><em>τὸ</em></strong></span> <span class='ocrx_word' id='word_1_299' title='bbox 296 4377 386 4450; x_wconf 73' lang='grc' dir='ltr'><strong><em>ἔργον.</em></strong></span> 
     </span>
    </p>
   </div>
   <div class='ocr_carea' id='block_1_5' title="bbox 0 0 1521 5018">
    <p class='ocr_par' dir='ltr' id='par_1_16' title="bbox 0 0 1521 5018">
     <span class='ocr_line' id='line_1_38' title="bbox 0 0 1521 5018; baseline 0 0"><span class='ocrx_word' id='word_1_300' title='bbox 0 0 1521 5018; x_wconf 95' lang='lat' dir='ltr'><strong><em> </em></strong></span> 
     </span>
    </p>
   </div>
  </div>
 </body>
</html>
