3020 5020
831 369 873 434 48

308 554 364 641 qui
385 555 419 620 in
440 553 619 640 tragoediis
641 575 709 620 non
730 562 832 620 artem
856 551 1016 640 tragicam
1032 553 1089 618 sed
1104 552 1237 637 linguae
1249 551 1401 620 Graecae

304 663 491 730 rudimenta
512 663 662 745 doceant,
685 661 942 750 unumquodque
953 662 1024 730 iere
1036 662 1192 751 pristinae
1205 660 1402 748 disciplinae

305 754 479 856 vestigium
511 771 693 838 extinctum
716 781 775 838 est.
814 771 983 857 antiquum
1006 770 1100 844 illum
1126 772 1251 836 fontem
1275 769 1402 836 Aristo·

305 880 422 970 phanis
445 881 546 949 fuisse
569 890 817 965 argumenta
840 881 1009 964 hucusque
1030 879 1137 947 studui
1150 881 1300 968 probare.
1321 878 1401 964 quid

305 990 499 1057 scholiastae
524 1012 567 1055 ex
588 989 659 1056 aliis
674 989 903 1076 Aristophanis
924 991 1078 1077 operibus
1093 990 1273 1073 hauserint,
1294 988 1401 1054 nesci-

305 1121 377 1166 mus
399 1121 461 1178 nec
483 1099 567 1167 scire
591 1122 773 1188 possumus.
796 1122 872 1165 nam
886 1098 1019 1185 quodin
1038 1100 1099 1165 hac
1123 1099 1314 1192 quaestione
1335 1121 1401 1164 ma·

305 1208 385 1274 ximi
410 1218 496 1275 esset
519 1208 685 1292 momenti,
718 1209 974 1298 Aristophanem
997 1208 1246 1275 commentarios
1269 1231 1401 1297 compo·

305 1317 409 1382 suisse
434 1317 532 1394 etiam
554 1317 589 1382 in
610 1317 817 1404 Aeschylum
841 1317 1117 1406 Soph'oclemque,
1148 1318 1210 1384 hoc
1231 1317 1329 1384 certis
1351 1341 1401 1384 ar·

305 1427 470 1512 gumentis
494 1425 711 1492 demonstrari
733 1415 857 1512 nequit,
878 1435 912 1492 et
931 1426 1081 1492 inutilem
1103 1427 1237 1494 omnino
1250 1427 1336 1492 duco
1358 1427 1401 1492 de
1422 1407 1426 1414 ’

304 1535 365 1632 hac
389 1556 426 1601 re
450 1534 729 1624 disceptationem,
761 1558 856 1622 quam
880 1536 1058 1602 institutam
1082 1535 1178 1603 video
1201 1535 1288 1603 inter
1311 1537 1401 1602 viros

287 1660 290 1668 ’
306 1643 430 1727 doctos,
454 1667 525 1712 cum
548 1646 582 1710 iu
604 1645 772 1712 sententiis
788 1645 995 1732 opinionibus
1010 1646 1206 1713 coniecturis
1220 1645 1399 1712 subsisten-

307 1753 385 1820 dum
408 1755 458 1821 sit.
479 1775 586 1843 neque
606 1755 640 1821 in
653 1755 787 1822 scholiis
797 1753 862 1822 illis
875 1755 1291 1842 Aristophanisncmen⁵¹
1313 1777 1400 1822 com·

305 1870 514 1943 memoratur,
547 1883 656 1948 neque
684 1860 817 1928 aliunde
844 1863 956 1928 notitia
978 1862 1018 1928 ad
1042 1885 1102 1930 nos
1127 1863 1288 1950 pervenit,
1324 1883 1399 1930 eum

304 1968 337 2034 in
371 1969 429 2035 hos
460 1979 629 2057 poetarum
661 1973 827 2059 principes
857 1967 1074 2059 ὑπομνήματα
1103 1971 1317 2060 scripsissem
1361 1983 1397 2038 ut

307 2077 395 2164 quod
428 2077 580 2164 equidem
613 2080 717 2147 sentio
746 2081 861 2164 dicam,
892 2082 970 2147 mihi
992 2081 1087 2146 valde
1110 2081 1329 2171 improbabile
1349 2082 1394 2146 vi·

309 2187 505 2273 detonsum
516 2189 776 2274 grammaticum,
790 2191 881 2255 cuius
894 2200 1088 2279 argumenta
1103 2192 1155 2257 vel
1172 2177 1269 2256 h'odie
1285 2211 1398 2258 omnes

207 2381 213 2388 ⁸
269 2275 376 2390 *viere
397 2299 496 2365 triam
517 2298 713 2385 tragicorum
737 2299 867 2364 fabulae
897 2298 929 2363 in
954 2301 1062 2366 fronte
1081 2311 1213 2390 gerant,
1234 2301 1330 2366 cuius
1353 2299 1398 2366 di·

305 2409 464 2497 sciplinae
486 2419 535 2474 tot
557 2419 671 2476 extant
692 2409 727 2474 in
750 2408 882 2474 scholiis
906 2409 1055 2495 vestigia,
1082 2432 1179 2498 quem
1204 2431 1317 2476 curam
1339 2409 1400 2474 im·

307 2519 461 2610 pendisse
489 2519 633 2586 Homero
666 2519 812 2585 Hesiodo
842 2520 1043 2586 Anacreonti
1071 2518 1217 2588 Pindaro
1246 2518 1398 2607 Euripidi

215 2651 235 2675 ν
306 2630 520 2718 Aristophani
542 2639 680 2713 constat,
702 2630 792 2718 quasi
816 2628 961 2696 studiose
984 2640 1017 2694 et
1044 2639 1134 2718 certo
1161 2631 1302 2715 quodam
1323 2651 1400 2695 eon·

306 2739 389 2822 silio,
414 2740 503 2827 quod
527 2761 587 2808 nos
609 2739 725 2807 saltem
749 2761 868 2828 capere
899 2740 1083 2825 nequimus,
1107 2739 1311 2826 Aeschylum
1337 2737 1398 2806 So·

305 2849 523 2936 phoclemque
547 2848 582 2914 in
602 2847 710 2914 medio
724 2847 908 2935 reliquisse.
930 2857 963 2912 at
985 2845 1142 2912 ututhoc
1164 2856 1225 2930 est,
1247 2846 1400 2932 equidem

306 2958 516 3044 acquiescere
539 2978 673 3045 possum
686 2956 720 3022 in
737 2955 786 3040 iis,
810 2978 894 3042 quae
916 2955 1063 3044 reliquiis
1080 2954 1276 3028 examinatis
1288 2955 1400 3022 inveni

306 3087 345 3132 eo
378 3065 493 3153 magis,
514 3089 589 3132 cum
620 3064 662 3130 ad
693 3063 900 3148 documenta,
931 3063 1048 3151 quibus
1075 3065 1165 3131 nisus
1196 3063 1400 3131 confidenter

306 3175 562 3264 Aristophanem
584 3173 778 3260 Byzantium
802 3173 1079 3239 observationum·
1097 3171 1139 3237 ad
1168 3184 1272 3240 artem
1294 3174 1400 3261 poeti-

307 3283 620 3373 conspectantium
647 3291 813 3349 auctorem
844 3283 956 3349 dicere
990 3281 1094 3370 potui,
1125 3305 1238 3349 unum·
1255 3281 1400 3364 accedat,

306 3393 394 3478 quod
420 3414 561 3476 omnem,
593 3393 621 3458 si
650 3413 714 3478 qua
744 3391 862 3457 relicta
891 3392 1000 3475 fucrit,
1031 3391 1269 3458 dubitationem
1291 3392 1400 3459 tollat:

306 3511 442 3589 apparet
471 3503 505 3568 in
533 3500 666 3566 scholiis
689 3499 879 3588 Euripideis
900 3498 1133 3589 Aristophanis
1162 3521 1282 3568 nomen
1304 3509 1400 3566 notae

306 3610 501 3699 appositum,
524 3631 607 3697 quae
629 3610 823 3678 nouaclum
845 3608 991 3676 eiusdem
1014 3619 1065 3676 est
1084 3609 1220 3695 generis
1242 3631 1281 3676 ac
1302 3607 1400 3676 mode

307 3727 474 3800 tractatae,
500 3719 558 3786 sed
581 3741 642 3804 qua
664 3719 842 3786 edocemur
854 3720 964 3803 etiam,
985 3741 1051 3785 non
1068 3718 1242 3786 exhaustas
1254 3739 1327 3785 esse
1344 3719 1399 3786 ob·

318 3851 505 3860 nonan—.-—.-

414 3915 449 3970 52
468 3913 500 3968 ln
518 3913 692 3970 schohhiac.
703 3916 755 3970 746
771 3917 808 3976 τίς
825 3921 978 3988 παροιμίαν
996 3913 1011 3968 ὁ
1031 3921 1124 3988 στίχος
1144 3916 1286 3986 παρῆκται,
1305 3909 1399 3983 ἦνκαὶ

298 4005 494 4082 Ἀριστοφάνης
517 4005 670 4082 ἀναγράφει
697 4010 893 4082 Aristophanis
920 4017 1065 4083 παροιμίαι
1088 4011 1229 4067 dicuntur.
1264 4007 1399 4066 ePhotio

306 4105 392 4162 fluida
409 4123 432 4161 a.
452 4125 476 4162 v.
496 4107 727 4179 μασχαλίσμστα·
751 4101 947 4180 Ἀριστοφάνης
971 4103 1046 4175 παρὰ
1064 4107 1208 4179 Σοφοκλεῖ
1224 4105 1256 4162 dv
1270 4101 1399 4176 Ἠλέκτρη

306 4209 415 4258 κεῖσθαι
434 4199 484 4270 τὴν
501 4205 572 4264 tear
588 4203 653 4262 teos
670 4207 859 4276 σημαίνουσαν
877 4202 946 4257 nihil
963 4201 1157 4272 colligendum.

413 4301 447 4356 bd
466 4297 591 4354 Eandem
611 4297 740 4354 iomunae
758 4299 933 4369 iniquitatem
954 4303 1085 4369 expertas
1104 4305 1170 4355 suut
1187 4299 1246 4354 eius
1264 4297 1398 4368 hypothe-

306 4414 359 4462 ses,
377 4413 494 4468 quamn
512 4395 589 4452 nulla
610 4395 642 4452 lit
659 4395 764 4452 mentio
783 4396 812 4450 in
830 4401 956 4452 veterum
975 4393 1098 4466 scriptis.
