2994 5018
651 369 711 447 11⁷

127 558 239 643 πίνως
267 566 527 655 δικαιολογεῖται,
561 567 636 638 ίπεί
658 567 690 637 οῖ
710 568 745 638 ἐν
764 572 888 653 δεινοῖς
907 574 960 640 καὶ
981 571 1045 656 ἔξω
1066 573 1227 659 λογισμοῦ

125 693 204 740 τινα
223 670 409 762 πράσσουσι
429 679 484 746 καί
503 676 551 759 είς
570 676 673 761 θεοδς
692 673 799 770 ἀσεβῆ
820 681 1029 773 φθέγγονται.

215 785 352 875 Hippol.
366 787 427 854 178
447 789 481 864 τί
499 791 529 857 σ’
553 787 613 876 ὲγυί
637 784 766 875 δράσαι
788 787 827 859 τό
849 779 935 880 ἦθος
956 783 1169 878 ἀπειρηκυίας
1187 795 1228 884 τῇ

125 893 309 982 θεραπείᾳ,
329 891 415 962 ὥστε
434 901 528 988 κοινῇ
543 894 602 965 τόν
615 897 691 986 βίον
708 900 915 988 βλασφημεῖν
934 895 1152 987 προάγεσθαι.
1174 897 1227 969 διδ

125 999 185 1066 καί
197 997 237 1069 τό
248 1001 412 1088 γνωμικὸν
426 1001 640 1093 ἔπεισάγεται,
658 1002 742 1094 ὅπερ
761 1004 908 1096 σύνηθες
921 1012 994 1088 τοῖς
1006 1011 1227 1092 δυστυχοῦσιν.
1240 1023 1257 1076 5

217 1111 288 1180 OT.
300 1115 342 1181 85
359 1103 448 1199 άναξ,
470 1111 549 1200 ἐμόν
569 1111 733 1204 κήδευμαε
754 1112 840 1184 ’ίδιον
859 1123 928 1184 τοῖν
954 1119 989 1186 ἐν
1016 1119 1109 1208 χρείᾳ
1128 1125 1228 1188 καθε-

126 1217 269 1288 στώτων
290 1224 572 1313 φιλοφρονεῖσθαι
592 1225 738 1312 μείζοσιν
769 1222 925 1313 ὀνόμασιν
959 1224 1042 1308 τούς
1074 1251 1228 1296 ταπεινοᾱ
1329 1309 1333 1318 1

125 1330 255 1415 τίρους.
1073 1384 1079 1392 ,

217 1441 271 1508 Αἰ.
292 1443 357 1508 340
376 1434 407 1510 δ’
425 1467 483 1528 μοι
496 1439 628 1526 τάλαιν’,
641 1437 848 1532 Εόράσακεςε
870 1438 1060 1534 ἀπορούσης
1073 1446 1113 1513 τό
1126 1433 1227 1535 ἦθος·

124 1547 168 1617 τδ
184 1550 244 1635 μὲν
255 1542 447 1636 άπαηιώζει,
471 1552 514 1646 τό
534 1550 571 1619 δὲ
592 1554 686 1620 καλεῖ
704 1549 764 1619 τόν
784 1554 904 1622 παῖδα·
926 1547 998 1622 εἶτα
1012 1553 1098 1641 πρός
1110 1550 1228 1642 ἑαυτήν
1242 1569 1276 1629 10

126 1660 308 1746 ἒπαπσρεῖ,
329 1661 363 1727 τί
384 1685 468 1728 ποτε
488 1666 637 1752 μενοινᾷ·
659 1663 714 1730 καί
739 1658 839 1730 πάλιν
858 1663 951 1730 καλεῖ
970 1660 1029 1732 τόν
1048 1665 1153 1732 παῖδα
1173 1665 1228 1731 καὶ

125 1767 248 1857 ἑαυτὴν
265 1764 526 1861 ἀπολοφόρεται·
547 1767 740 1860 λεληθότως
762 1772 799 1844 δὲ
820 1768 1008 1862 ἐνεφάνισεν
1028 1773 1083 1840 καὶ
1102 1769 1142 1840 τό
1163 1775 1227 1842 τοῦ

125 1874 252 1960 παιδός
273 1871 392 1964 όνομα·
414 1879 531 1978 ἐδεδίει
553 1879 600 1963 δὲ,
620 1873 666 1967 μη
688 1873 787 1969 ἀνέλῃ
808 1873 912 1948 αάτδν
931 1876 1136 1966 μαινόμενος.

214 1989 258 2057 ib.
279 1989 342 2055 245
364 1985 434 2076 ιῖίρα
460 1989 520 2056 τίν’
551 1981 685 2077 ἥδηται
709 1991 828 2076 κράταε
850 2025 888 2038 -
920 1985 1008 2077 δρῶν
1028 1991 1066 2058 δὲ
1088 1986 1107 2058 ό
1128 1985 1227 2075 χορός

126 2094 183 2165 ότι
203 2097 237 2165 ἐν
257 2085 401 2185 μεγίστην
425 2102 515 2186 κακῷ
537 2097 625 2166 ἐστιν
646 2093 751 2182 Αίας,
783 2094 822 2165 τὸ
849 2097 910 2184 μὲν
939 2098 1021 2166 κατά
1039 2095 1099 2188 τήν
1118 2093 1225 2180 νόσον,
1242 2116 1274 2169 15

124 2203 166 2274 τό
191 2206 227 2274 δὲ
246 2203 329 2274 κατά
345 2204 406 2295 την
418 2199 557 2294 ἀπειλήν
569 2211 637 2274 τοῖν
652 2207 823 2293 βασιλέων,
843 2209 1052 2292 διαπορεῖται
1072 2207 1106 2273 τί
1123 2231 1226 2292 πρακ-

124 2316 205 2386 τίον
217 2309 322 2405 αάτηῖ·
344 2311 489 2404 πότερον
509 2313 938 2405 ἐγααλυψαμένουςφεάγειν
960 2311 1041 2384 ὅποι
1061 2313 1137 2384 πότ’
1159 2304 1224 2396 οὖν,

124 2421 146 2514 ἢ
166 2419 335 2492 ἀποπλεῖν
356 2420 533 2510 ἐπιβάντας
553 2426 610 2492 ίπί
630 2429 698 2494 ταῖν
717 2428 814 2492 νεῶν·
844 2425 899 2492 καὶ
920 2418 981 2493 οάκ
1001 2421 1072 2494 ἐστι
1092 2425 1152 2510 μὲν
1172 2449 1227 2512 μοι

126 2531 209 2620 κρδν
229 2531 269 2601 τό
293 2529 448 2613 ἐάσαντας
466 2530 525 2601 τόν
545 2529 735 2622 προστάτην
754 2527 993 2621 ἀπαλλαγῆναι·
1013 2525 1094 2600 ἀλλά
1114 2533 1227 2620 σημεί-

127 2666 223 2710 νουσι
242 2639 300 2710 διά
318 2637 445 2709 τοάτων
462 2639 503 2708 τά
524 2641 559 2709 ἐν
579 2643 661 2710 ποσί
684 2637 789 2708 δεινά·
811 2639 953 2710 ίιυίθασι
974 2637 1037 2729 γάρ
1060 2639 1150 2711 ἔστιν
1170 2637 1226 2710 ὅτε
1238 2657 1275 2709 20

127 2749 160 2819 οῖ
184 2745 389 2838 ἀποροῦντες
411 2751 448 2834 ἐξ
465 2747 567 2838 ἀρχῆς
587 2755 722 2820 τοιαῦτα
744 2752 1008 2842 προσφέρεσθαι.

215 2863 258 2929 ἰί).
283 2863 342 2928 179
372 2856 632 2949 ἢχαλκοθώραξ
656 2852 677 2948 ἦ
703 2862 762 2928 τιν’
780 2855 965 2940 ΙἘνυάλιοςε
1000 2895 1040 2910 -
1071 2850 1227 2939 πιθανοῖς

127 2974 164 3044 δὲ
189 2972 343 3051 πλείονας
371 2969 477 3050 αίτίας
507 2969 658 3038 τιθέασιν
680 2968 892 3055 ἀποροῦντες.
935 2965 968 3040 σί
988 2966 1048 3057 γάρ
1070 2963 1227 3053 στοχαζό-

127 3105 224 3166 μενοι
243 3074 283 3148 οὗ
302 3081 380 3149 καθ’
404 3079 441 3149 ἓν
461 3081 618 3148 ἵστανται.
695 3069 699 3084 ’

214 3187 310 3278 Sept.
335 3189 396 3254 134
426 3182 526 3256 πάλιν
547 3186 598 3266 δὶς
620 3179 714 3254 εἶπεν
733 3182 772 3254 τό
794 3185 952 3253 ἐπίλυσιν.
992 3185 1227 3273 τεταραγμένης
1239 3199 1274 3254 26

128 3295 164 3364 δὲ
188 3298 294 3384 ψυχῆς
312 3299 413 3362 ταῦτα
436 3285 508 3382 ἤθη
529 3293 584 3360 καὶ
604 3289 779 3382 ἐμφάσεως
799 3291 907 3362 ἕνεκεν
926 3287 1094 3379 λεγόμενα.

213 3405 255 3474 ib.
280 3406 337 3470 107
357 3399 478 3492 η’θικδν
497 3399 536 3472 τό
558 3405 609 3484 δίς
631 3402 851 3493 ἀναφωνῆσαι.
886 3401 1008 3471 δειλίαν
1026 3396 1085 3488 γὰρ
1110 3400 1225 3490 ἑμφαί·

129 3513 222 3582 νουσι
242 3509 298 3582 διά
319 3509 452 3581 τούτου.

215 3622 284 3692 OT.
310 3623 369 3690 118
393 3618 575 3709 θνήσκουσι
602 3616 665 3708 γάρ
694 3617 780 3714 πλὴν
810 3611 869 3700 εἷς’
889 3642 956 3698 τιςτ
983 3657 1020 3670 -
1048 3608 1162 3703 ἀκρως
1190 3615 1226 3684 δὲ

131 3728 302 3819 ὑπέγραψε
324 3728 363 3799 τό
386 3719 475 3818 ἦθος
495 3734 562 3826 τῶν
582 3732 707 3797 δειλῶν.
743 3724 810 3814 άμα
830 3725 968 3816 μὲνγὰρ
990 3727 1164 3814 ἐπαίρουσι
1185 3722 1227 3793 τά
1239 3741 1274 3796 30

130 3839 352 3926 πεπραγμένα,
375 3839 428 3905 ἵνα
448 3834 493 3925 μὴ
514 3835 635 3922 δόξωσι
656 3833 711 3906 διά
729 3839 851 3905 δειλίαν
872 3841 1007 3927 φυγεῖν·
1028 3833 1095 3922 ἅμα
1117 3837 1154 3904 δὲ
1172 3836 1227 3902 καί

129 3945 164 4013 ἕν
184 3945 433 4036 παραφρονήσει
456 3938 549 4026 όντες
569 3945 611 4014 τά
633 3947 756 4034 βραχέα
777 3947 879 4033 μείζω
901 3941 1105 4030 δοξάσουσιν.

125 4247 131 4253 .
203 4205 237 4259 19
256 4199 390 4264 ἐάσαντας
407 4203 491 4259 RBr.
514 4199 635 4260 ἐάσαντα
652 4203 684 4260 L.

200 4301 237 4354 20
254 4301 341 4354 verba·
356 4299 432 4354 ῖστιν
450 4295 496 4354 ὅτε
513 4303 580 4354 ante
597 4298 631 4355 τά
648 4301 681 4355 ἔν
697 4303 765 4354 ποσὶ
783 4295 859 4355 δεινά
875 4299 962 4356 habet
981 4297 1014 4364 L,
1041 4297 1088 4352 ubi
1113 4311 1225 4352 sensum

130 4393 252 4452 laedunt.
270 4395 370 4452 melius
392 4396 532 4467 leguntur,
552 4411 608 4466 quo
629 4413 664 4450 ον.
681 4394 816 4466 τεῖεςεῖίί
831 4401 846 4425 “
865 4399 890 4430 “³
930 4399 947 4419 ·'
993 4398 999 4421 ⁸
