3020 5020
678 371 722 436 et

151 554 193 626 τὸ
214 557 250 626 δὲ
272 555 380 647 δρᾶμά
401 559 470 626 ἐστι
491 555 795 644 σατυρικῶτερον43,
819 557 871 626 δτι
887 559 934 639 εἰς
946 557 1049 646 χαράν
1062 561 1116 626 καὶ
1133 557 1251 649 ἡδονὴν

152 669 378 759 καταστρέφει.
401 670 492 756 ’παρὰ
512 674 579 735 τῶν
597 674 756 756 τραγικῶν
763 675 792 713 ⁴⁴
822 665 1008 754 ἐκβάλλεται
1037 668 1083 752 ῶς
1104 663 1251 738 α’νσίκεια

150 782 214 866 τῆς
233 781 385 866 τραγικῆς
400 774 575 866 Ιποιήσεως
602 774 623 845 t'
642 802 677 844 τε
699 769 846 866 Ὀρέστης
863 779 918 845 καλ
944 775 963 868 ἦ
986 769 1174 866 Ἄλκηστις,
1205 774 1251 858 ῶς

151 887 189 972 ἐκ
218 890 390 975 συμφοράς
419 887 478 970 μὲν
505 879 678 972 άρχόμενα,
709 884 757 966 εἷς
782 881 988 971 εὖδαιμονίαν
1016 887 1053 954 δὲ
1074 889 1128 954 sat
1149 884 1251 974 χαράν

150 992 300 1084 λήξαντα,
323 991 349 1062 δ’
370 996 440 1064 ἐστι
459 997 587 1081 μᾶλλον
613 996 787 1084 κωμῳδίας
808 990 955 1081 ἐχόμενα.
999 1007 1185 1086 opportune
1209 997 1251 1064 de

151 1102 272 1172 Oreste
295 1102 527 1190 Aristophanis
549 1103 718 1187 iudicium,
743 1103 784 1168 ad
805 1104 892 1188 quod
912 1114 1067 1192 provocat
1088 1091 1249 1189 grimma-

151 1211 247 1294 tious,
270 1221 434 1278 servatum
458 1221 507 1278 ast
527 1214 562 1278 in
584 1235 654 1297 arg.
667 1213 716 1277 VI
731 1211 760 1276 F
776 1212 815 1279 τδ
837 1211 873 1278 δὲ
894 1213 1251 1318 &concomitantiam

152 1317 221 1404 ἔχει
242 1317 303 1408 τήν
324 1316 563 1411 καταστροφήν,
583 1321 670 1388 undo
685 1321 852 1387 fluxerunt
866 1323 968 1388 schol.
981 1321 1040 1390 Or.
1055 1322 1135 1389 1691
1151 1327 1250 1390 τοῦτο

149 1427 189 1499 τδ
213 1431 324 1515 δρῶμσ
345 1429 380 1496 ἐκ
401 1434 558 1516 τραγικοῦ
580 1425 733 1514 κωμικόν
759 1428 796 1496 ἐκ
808 1425 868 1517 γάρ
888 1433 1069 1520 συμφορῶν
1083 1428 1132 1511 εἷς
1145 1423 1251 1499 εὕδω-

149 1539 229 1626 μίαν
248 1535 454 1628 κατήντησεν.
478 1564 549 1628 arg.
562 1540 620 1607 Or.
631 1540 683 1606 III
694 1565 726 1629 p.
737 1543 765 1624 7,
779 1541 818 1605 10
837 1536 876 1608 τδ
892 1541 932 1608 δὲ
949 1541 1056 1626 δρᾶμα
1076 1543 1137 1628 τῆς
1155 1536 1250 1609 Ἑκά-

146 1652 210 1735 βης
231 1649 285 1715 καὶ
305 1650 365 1716 aori
386 1644 552 1734 παρόντος
575 1644 739 1735 δράματος
762 1645 800 1715 τὸ
824 1647 918 1728 τέλος
933 1641 1005 1716 slat
1021 1649 1169 1729 πένθους
1190 1640 1249 1735 άρ-

149 1781 262 1841 χονται
285 1757 339 1824 καὶ
360 1755 512 1844 λήγουσιν
533 1754 581 1836 εἰς
600 1752 709 1843 χαράν.
743 1758 844 1826 schol.
856 1758 914 1827 Or.
930 1758 1009 1824 1691
1033 1753 1052 1845 ἦ
1075 1753 1250 1846 κατάληξις

148 1870 208 1956 τῆς
229 1867 410 1955 τραγῳδίας
430 1860 454 1954 ἢ
477 1864 524 1946 εἰς
548 1871 673 1954 θρῆνον
701 1862 724 1954 ἢ
752 1865 799 1947 εἰς
832 1863 948 1946 πάθος
975 1862 1137 1953 καταλύει,
1165 1866 1185 1955 ἡ
1213 1867 1249 1936 δὲ

148 1979 207 2064 τῆς
226 1976 401 2064 κωμῳδίας
422 1973 470 2055 εἷς
491 1973 641 2054 σπονδάς
659 1977 714 2044 καὶ
735 1972 913 2065 διαλλαγάς.
944 1971 1029 2043 ὅθεν
1042 1983 1043 1990 ’
1058 1971 1174 2062 δρᾶται
1194 1972 1248 2043 τό·

257 2163 291 2215 43
310 2159 370 2215 Ηοι
390 2160 527 2216 vocabnlo
547 2162 746 2232 grammaticus
766 2179 823 2216 non
843 2160 927 2216 altius
940 2161 1131 2216 accuratiusve
1143 2162 1246 2216 descri-

150 2258 194 2314 bit
214 2255 325 2312 tabulae
346 2255 478 2324 indolem,
497 2275 581 2327 quam
599 2273 629 2310 re
648 2271 714 2312 vera
731 2257 866 2312 dramatis
884 2257 997 2326 satyrici
1012 2257 1075 2312 loco
1086 2274 1248 2327 repraesen-

151 2357 242 2409 tatam
260 2370 322 2409 asse
343 2357 442 2408 notum
461 2356 513 2418 cst,
534 2371 598 2408 nam
616 2371 687 2423 quae
707 2353 817 2411 adiecta
836 2359 880 2409 est
897 2352 1033 2422 definitio,
1052 2349 1093 2407 ὅτι
1111 2351 1248 2425 εὶςχαράν

150 2451 197 2503 καὶ
214 2445 319 2517 ἡδονὴν
337 2453 450 2521 στρέφει
469 2448 566 2504 eadem
584 2452 628 2502 est
646 2451 731 2518 atque
749 2449 973 2518 Aristophsneae
995 2449 1071 2503 vocis
1092 2443 1247 2520 κωμικῶτε·

149 2563 208 2617 ρον,
231 2547 264 2598 ut
282 2544 368 2599 allata
388 2546 581 2600 demonstrant
599 2545 733 2615 example.
756 2546 816 2614 ipse
827 2545 1027 2616 grammaticus
1038 2541 1246 2614 postesdicitai

148 2640 209 2695 ἔστι
225 2641 334 2714 μᾶλλον
350 2642 537 2713 κωμῳδίας
554 2637 683 2714 ἐχόμενα.
703 2642 788 2698 idest
806 2641 929 2697 studium
939 2639 1145 2697 recentioribus
1154 2659 1247 2712 grem-

141 2736 261 2818 'matieis
281 2737 437 2809 proprium,
458 2739 500 2804 ut,
518 2739 566 2794 nbi
583 2737 646 2797 fieri
662 2742 765 2822 potest,
793 2756 846 2809 pro
863 2739 992 2809 genuinis
1010 2741 1149 2804 notorum,
1177 2755 1244 2808 quas
1287 2755 1292 2760 ·

149 2835 307 2902 excribuut,
329 2834 473 2910 vocabulis
494 2852 646 2911 synonyma
664 2839 778 2906 ponant,
798 2840 831 2890 ut
848 2835 1048 2892 vocabulorum
1065 2839 1143 2897 ¹certe
1163 2835 1244 2891 novi-

148 2935 207 2986 tate
228 2932 349 3006 speciem
367 2932 499 3003 propriae
510 2933 657 2988 doctrinae
670 2937 790 2988 servent.
808 2936 933 2988 ceterum
946 2932 1018 2988 hanc
1034 2931 1194 3000 decomioo,
1212 2937 1246 2986 ut

150 3027 256 3093 dicunt,
281 3029 491 3098 tragoediarum
514 3030 711 3108 nonnullarum
736 3031 822 3094 exitu,
849 3029 937 3084 veluti
964 3028 1071 3084 Orestis
1093 3029 1246 3085 Alcestidis
1299 3039 1301 3046 ’

148 3123 279 3179 Electrae
297 3124 476 3194 Sophoclem,
497 3125 688 3196 quaestionem
706 3143 793 3195 usque
810 3125 1020 3181 adeetzarum
1037 3129 1158 3180 aetatem
1176 3143 1246 3180 nun-

148 3238 233 3292 quam
249 3221 440 3282 intermissam
457 3239 528 3288 esse,
549 3223 653 3278 docent
670 3222 841 3289 testimonia,
861 3239 931 3292 quae
949 3222 1064 3293 collegit
1082 3220 1113 3277 0.
1131 3221 1245 3277 Iahnius

88 3371 93 3378 .
147 3317 279 3374 Electrae
297 3336 323 3388 p.
335 3321 378 3373 21.
870 3374 872 3382 ,

256 3416 292 3468 44
308 3413 353 3470 Sic
373 3414 449 3483 libri,
468 3417 583 3485 praeter
597 3415 632 3477 H,
650 3415 680 3470 in
699 3432 754 3484 quo
772 3412 847 3486 παρά
864 3423 920 3476 τοῖς
935 3421 1080 3488 τραγικοῖς.
1099 3418 1246 3470 mutarunt

146 3509 273 3566 editores
295 3510 326 3564 in
352 3507 427 3582 παρὰ
452 3511 507 3565 τῶν
524 3511 650 3583 κριτικῶν
667 3509 712 3566 vel
735 3513 937 3584 γραμματικῶν
960 3511 1036 3566 nulla
1056 3511 1116 3566 vari
1140 3511 1242 3581 specie.

147 3607 280 3664 solemnis
298 3606 328 3662 in
345 3607 505 3664 huiusmodi
521 3607 596 3662 notis
613 3610 657 3666 est
673 3624 740 3662 usus
757 3607 792 3662 tls
805 3607 1171 3678 tragiooiabularuminitio
1186 3625 1245 3663 mo·

147 3704 241 3768 nendi.
261 3704 351 3760 veluti
370 3701 401 3760 τὸ
420 3705 514 3778 δρᾶμα
533 3682 564 3760 ἐκ
582 3706 711 3776 τραγικοῦ
727 3700 860 3778 κωμικόν,
875 3705 907 3759 ἐκ
925 3705 1072 3778 συμφοράς
1088 3705 1144 3776 μὲν
1161 3699 1246 3777 άρχά·

146 3817 229 3872 μονα,
247 3803 286 3860 εἰς
304 3795 485 3873 εὐδαιμονίαν
502 3799 535 3856 δὲ
552 3803 617 3867 κτλ,
640 3801 671 3854 ἐκ
690 3781 845 3873 συμφορῶν
862 3802 900 3860 εἰς
917 3795 1054 3874 εὐθυμίαν
1071 3797 1243 3869 κατηντηκός,

145 3890 205 3949 sissi
232 3900 355 3955 πένθους
378 3889 509 3968 ἄρχονται
533 3899 578 3949 καὶ
603 3890 733 3964 λήγουσιν
750 3899 789 3956 εἰς
803 3891 895 3968 χαράν
914 3899 1115 3966 ταράττεται
1134 3896 1243 3952 similia.

147 4007 234 4061 quare
254 4007 307 4062 pro
328 3995 405 4048 certo
423 3991 522 4056 habeo,
543 3992 630 4047 verba
647 3989 723 4063 παρὰ
742 3993 796 4046 τῶν
812 3993 948 4064 τραγικῶν
959 3993 995 4048 ad
1008 3993 1105 4064 priora
1116 4009 1177 4048 esse
1188 3997 1244 4048 tra·

145 4088 247 4146 hande
270 4089 338 4158 quid
355 4089 500 4159 scripserit
518 4085 718 4160 giammaticus
736 4088 860 4145 dubium.
884 4089 978 4160 potuit
992 4090 1027 4144 -ἒκ
1044 4091 1181 4162 τραγικῶν
1198 4090 1243 4145 val

145 4183 305 4262 ἀρχόμενον
323 4191 354 4244 ἔκ
369 4191 506 4262 τραγικῶν
525 4193 580 4246 κτλ.
598 4189 719 4246 fortasse
735 4206 834 4245 verum
851 4192 905 4256 est,
923 4187 997 4258 quod
1015 4186 1243 4256 amicusquidsm

144 4301 256 4342 mecum
272 4286 498 4355 communicavit,
512 4305 565 4359 pro
584 4285 659 4359 παρὰ
677 4287 734 4342 τῶν
749 4287 887 4358 ’τραγικῶν
899 4285 1079 4342 scribendum
1092 4303 1153 4342 osse
1165 4284 1240 4358 παρὰ

143 4380 176 4440 τὸ
196 4376 333 4455 τραγικόν.
