3020 5020
663 339 704 408 to

133 528 282 596 schol.B
304 535 335 594 Γ
349 523 434 614 306,'
451 530 508 598 ubi
537 531 572 597 in
597 525 692 600 λύσει
713 524 874 618 άπορίας·
905 529 961 602 διά
984 533 1017 602 τι’
1036 529 1055 602 ὁ
1077 534 1230 623 Πρίαμος

130 619 271 724 τίνμέν
283 631 495 726 Ἀλέξανδρον
513 639 568 706 καὶ
587 636 647 707 τόν
659 641 828 710 Μενέλαον
843 633 902 710 οὐκ
914 636 954 709 ita
976 640 1041 733 έφη
1063 640 1231 713 δύνασθαι

132 745 216 816 ἰδεῖν
243 749 448 836 μαχομένους
477 741 547 816 ἄλλ’
576 739 667 837 ᾤχετ’
697 743 819 836 α’πιών,
849 751 907 819 τὸν
938 753 966 820 δ’
996 747 1145 837 Ἀχιλλέα
1175 754 1231 822 καὶ

125 854 268 946 Ἕκτορα
287 863 430 946 θεωροῖς
452 859 539 926 inter
558 860 620 926 alia
642 862 723 926 haec
745 861 902 947 leguntur
924 858 1034 942 οὕτως
1057 858 1116 950 γάρ
1136 859 1229 951 καὶὴ

130 963 236 1057 μήτηρ
261 964 432 1053 πάρεστιν,
456 960 519 1050 οὐχ
539 969 592 1034 ἵνα
611 963 776 1056 θεάσηται
796 965 993 1056 μαχόμενον,
1005 965 1086 1040 ’ἀλλ’
1107 972 1161 1038 ἵνα
1181 968 1227 1060 μή
1267 1039 1270 1044 .

130 1073 304 1165 θεάσηται,
326 1072 539 1157 εἰσελθόντος
558 1077 663 1145 αὐτοῦ
684 1078 831 1166 δεομένη.
874 1081 929 1146 καὶ
947 1072 1018 1165 ’ἅμα
1040 1084 1088 1169 τῷ
1108 1085 1231 1172 ποιητῇ

131 1185 151 1276 ἦ
170 1186 383 1275 τραγῳδία
402 1179 546 1268 άνύεται,
564 1188 605 1254 δι’
630 1183 741 1256 οἴκτου
762 1194 1006 1277 ψυχαγωγοῦσα
1026 1187 1085 1258 τὸν
1106 1183 1230 1276 άνιροα-

112 1283 200 1383 τήν,
223 1291 354 1364 τούτων
376 1291 552 1383 παρόντων
573 1299 641 1365 κτλ.
663 1299 806 1365 redeunt
825 1300 930 1386 igitur
950 1301 1006 1367 hic
1029 1322 1160 1388 quoque
1173 1325 1229 1368 vo·

131 1407 247 1472 cabula
277 1397 388 1485 οἶκτος
416 1412 624 1493 ψυχαγωγεῖν
645 1399 809 1496 οἷκροατής
842 1431 926 1495 quae
961 1409 997 1476 in
1025 1411 1229 1495 tragicorum

131 1515 264 1582 scholiis
287 1515 477 1602 saepissime
499 1517 667 1602 leguntur.
709 1517 799 1583 idem
822 1519 971 1585 scholion
998 1518 1152 1608 exemplo
1181 1528 1230 1585 cst
1344 1549 1347 1555 ·

132 1625 203 1690 eius
224 1626 283 1706 rei,
306 1646 403 1710 quam
423 1648 521 1712 supra
540 1627 718 1712 posuimus,
740 1649 783 1694 cx
808 1627 1053 1716 quaestionibus
1077 1627 1228 1715 Porphy-

130 1730 233 1798 rianis
254 1731 403 1798 hausisse
427 1741 592 1798 auctorem
609 1733 742 1799 alterius
765 1734 967 1801 scholiorum
988 1734 1103 1802 cod.B
1126 1756 1231 1821 gene-

130 1840 179 1906 ris
200 1863 255 1906 eas
276 1851 332 1906 aut
360 1841 396 1906 in
427 1841 558 1908 brevius
587 1843 835 1909 contrahentem
867 1853 923 1909 aut
951 1845 1057 1910 forma
1085 1836 1231 1929 α’πόρίας

130 1949 231 2036 plane
256 1959 443 2018 exuentem.
483 1973 558 2016 uam
585 1952 626 2016 ed
657 1952 799 2018 eundem
828 1974 961 2019 versum
989 1953 1024 2018 in
1047 1953 1149 2028 schol.
1171 1952 1229 2019 BL

131 2069 326 2126 annotatur:
343 2057 416 2126 ἐπεὶ
427 2053 544 2141 σώζειν
553 2050 771 2143 ,Ἀλέξανδρον
784 2059 896 2144 μέλλει
907 2065 1062 2142 πιθανῶς
1073 2056 1230 2148 ὑπεξάγει

130 2163 191 2236 τὸν
214 2167 349 2253 πατέρα,
367 2163 507 2252 Ἕκτορα
532 2166 568 2233 δὲ
587 2159 755 2254 αὐτόπτην
783 2167 821 2258 ἐᾷ
850 2168 908 2236 ἐπὶ
927 2173 974 2258 τῷ
997 2165 1056 2238 cdv
1078 2163 1230 2237 οἶκτον

112 2297 116 2303 ·
130 2266 181 2342 ad
189 2278 209 2359 ξ
214 2300 286 2344 ειν.
308 2271 424 2361 παρών
443 2271 503 2362 γάρ
522 2275 670 2344 ἐνταῦθα
686 2273 809 2344 ἔδωκεν
823 2271 863 2342 iia
876 2273 934 2366 τὴν
946 2274 1073 2366 Ἑλένην
1086 2273 1133 2357 οἷς
1152 2273 1230 2357 τούς

130 2379 252 2468 ὅρκους
272 2383 491 2462 ἕπιστευθείς.
513 2380 543 2452 εἰ
559 2383 596 2452 δὲ
617 2384 671 2450 καὶ
685 2389 786 2453 πᾶσιν
802 2381 848 2465 ὠς
860 2385 921 2473 κήρ
937 2379 1124 2470 άπέχθεται
1138 2378 1230 2454 Ἀλέ-

132 2494 279 2576 ξανδρος,
307 2492 378 2560 ἀλλ’
401 2488 419 2560 ὁ
441 2489 548 2581 πατὴρ
577 2490 615 2560 τά
643 2491 784 2582 φυσικὸν
812 2487 854 2562 ου’
876 2491 1010 2563 δύναται
1031 2491 1077 2583 μὴ
1100 2492 1227 2580 σώζειν.

106 2607 110 2612 ’
131 2601 248 2668 similis
270 2602 354 2669 ratio
378 2602 583 2668 intercedere
607 2604 685 2670 inihi
705 2604 835 2670 videtur
852 2605 938 2671 inter
954 2604 1090 2687 scholia,
1113 2605 1229 2694 quibus

132 2711 175 2778 dc
196 2711 367 2799 prooemio
381 2711 497 2780 Iliadis
518 2712 636 2797 agitur.
667 2714 846 2779 solemnem
868 2713 969 2780 fuisse
994 2713 1230 2800 quaestionem,

132 2843 191 2886 cur
212 2844 232 2884 a
253 2841 335 2886 voce
352 2821 437 2886 malo
449 2819 591 2886 ominata
606 2824 702 2907 μῆνις
715 2822 888 2890 exordium
907 2822 1098 2911 sumpsisset
1121 2832 1230 2912 poeta,

132 2929 255 2996 docent
275 2929 402 3016 amplae
420 2917 593 3014 reliquiae,
615 2951 699 3013 quae
720 2930 810 2996 illius
833 2931 1032 3016 quaestionis
1056 2940 1231 3019 supersunt

131 3039 166 3104 in
178 3021 312 3104 scholiis
324 3037 453 3104 nostris.
477 3060 672 3124 quemquem
685 3040 859 3106 Bckkcrus
874 3064 976 3107 unum
988 3050 1115 3133 tantum
1127 3042 1229 3108 breve

132 3147 286 3214 scholion
309 3149 406 3214 affert
428 3171 471 3214 cx
493 3147 607 3214 codice
629 3149 667 3231 B,
692 3149 779 3235 quod
802 3151 888 3216 hanc
910 3150 1047 3238 respicit-
1065 3150 1227 3237 quaestio·

133 3278 220 3338 nem,
251 3266 359 3324 tamen
387 3257 521 3324 dubium
551 3280 622 3325 esse
650 3282 716 3324 non
747 3269 872 3348 potest,
904 3262 983 3345 quin
1010 3260 1155 3326 omnium
1176 3259 1230 3324 ha·

134 3388 208 3432 rum
236 3366 449 3452 reliquiarum
470 3368 545 3434 fons
566 3367 665 3434 fuerit
689 3371 836 3464 quaestio
871 3379 903 3434 et
931 3369 1049 3436 solutio
1076 3369 1231 3457 Porphy-

132 3474 234 3541 riana.
253 3497 329 3540 nam
350 3483 433 3542 teste
454 3475 551 3541 Rosio
574 3476 596 3543 l.
616 3477 639 3543 l.
664 3501 696 3565 p.
711 3477 770 3543 152
792 3478 825 3544 in
847 3478 963 3565 primis
988 3477 1111 3544 codicis
1140 3475 1228 3542 foliis

132 3593 300 3650 extremes
322 3585 541 3670 membranae,
564 3608 647 3675 quae
670 3586 817 3672 integras
830 3586 1008 3675 Porphyrii
1021 3587 1228 3673 quaestiones

134 3692 301 3776 exhibent,
323 3715 384 3760 usu
404 3693 486 3760 adeo
509 3697 638 3760 attritae
658 3706 743 3781 sunt,
766 3706 802 3761 ut
829 3695 932 3761 inulta
954 3705 1010 3762 aut
1023 3681 1225 3761 'difficillima

134 3802 199 3867 sint
235 3803 320 3868 lectu
358 3813 412 3868 aut
452 3803 549 3870 ctiam
588 3805 680 3870 nullo
720 3803 817 3870 modo
856 3805 926 3891 legi
955 3805 1090 3894 possint,
1126 3826 1227 3893 quare

132 3933 287 3997 magnam
321 3933 431 3978 carum
453 3920 580 4002 partem
604 3935 670 3977 non
692 3914 799 3980 solum
821 3913 1025 3980 Villoisonus
1048 3914 1107 3980 sed
1133 3913 1230 3979 etiam

133 4021 189 4106 qui
210 4021 307 4084 unius
331 4022 492 4086 codicisB
516 4022 640 4089 scholia
659 4024 694 4087 in
713 4023 856 4109 primum
878 4045 1010 4090 carmen
1028 4022 1132 4088 edidit
1142 4021 1229 4087 Bon-

132 4129 328 4216 giovannius
351 4130 515 4215 (Venetiis
529 4132 623 4218 1740)
646 4127 764 4199 omisit.
788 4133 824 4198 in
845 4133 895 4202 his
918 4133 1065 4219 quaestio
1090 4131 1132 4197 de
1156 4152 1229 4220 pro-

135 4240 241 4306 oemio
263 4239 377 4307 Iliadis
399 4225 631 4330 Porphyriones
656 4245 757 4310 fuisse
780 4243 919 4310 videtur.
947 4265 1019 4310 cam
1041 4241 1076 4308 in
1096 4241 1229 4308 brevius

134 4358 336 4416 contractam
366 4349 465 4416 habet
491 4350 571 4418 AL:
608 4353 743 4440 ζητοῦσι
772 4348 826 4420 διὰ
854 4352 887 4420 τί
915 4343 983 4420 tao
1011 4353 1069 4438 τῆς
1095 4345 1230 4436 pindos
