3020 5020
620 385 859 490 ‚5-

186 565 374 653 προλογίζει
392 567 428 636 δὲ
437 619 536 635 ......
550 562 647 634 etiam
668 570 793 636 indices
804 594 1022 657 personarum
1037 571 1282 641 o'oooinisaoisse

185 674 440 762 Aristophanem
459 677 555 742 valdo
575 679 747 763 probabile
770 694 828 746 est.

284 783 318 850 D
349 789 489 872 apponit
512 787 724 872 didascalica,
747 790 876 878 qnando
888 793 1032 876 prinum
1046 791 1142 857 doota
1163 795 1206 858 sit
1221 789 1280 879 fa

186 893 271 977 tuta,
296 918 357 983 qao
370 895 546 979 Arohonte,
561 919 626 985 qua
640 896 833 992 Olympiade
842 923 854 978 ,·
878 923 960 988 qaae
976 925 1043 966 aaa
1064 904 1099 966 ia
1119 915 1282 967 aertonnoa

185 1005 314 1070 delatae
335 1010 401 1072 siat
423 1008 565 1072 aliorum
583 1022 756 1094 poetarum
770 1006 922 1093 fabulae,
951 1033 1013 1099 quo
1043 1024 1156 1076 eoarta
1178 1025 1282 1076 oerta-

186 1127 251 1178 tum
271 1116 324 1195 sit,
348 1115 407 1178 sed
426 1128 463 1179 at
482 1115 573 1180 altra
593 1111 635 1180 voi
660 1115 753 1200 τρίτα
773 1141 840 1182 οοο
856 1118 1105 1204 progrediatur.

282 1221 315 1286 E
343 1237 520 1309 postremo,
541 1227 574 1288 si
594 1225 721 1314 qnidam
744 1249 786 1289 era
798 1227 986 1313 Antiponae
1002 1241 1192 1313 argumento
1207 1251 1281 1294 ooa-

184 1333 340 1398 tessaram
363 1355 480 1419 capere
504 1333 587 1415 hcet,
613 1348 711 1422 quota
734 1359 878 1424 quaeqae
898 1350 1014 1422 poetae
1029 1333 1154 1422 fabula
1174 1341 1209 1402 in
1225 1361 1282 1402 nu·

183 1441 278 1505 mero
296 1465 429 1528 operam
450 1457 542 1526 esset,
564 1437 743 1510 indicanti.²

283 1551 330 1615 At
350 1551 399 1616 his
421 1552 569 1641 partibus
591 1574 655 1618 non
678 1553 784 1620 omnia
809 1577 882 1621 esee
903 1555 1069 1638 exhausta,
1082 1555 1209 1644 ,quibus
1231 1555 1276 1620 lo·

183 1680 256 1744 anm
281 1660 480 1726 concederet
499 1661 535 1724 in
547 1662 750 1746 argumentis
766 1664 834 1728 suis
849 1664 1098 1752 Aristophanes,
1121 1665 1190 1750 ipse
1205 1685 1281 1730 sen-

182 1766 224 1832 sit
254 1767 528 1836 Sahneidewinus
562 1789 637 1836 enm
664 1754 817 1837 adderet:
849 1787 986 1858 praeter
1016 1787 1279 1858 arpumeotoram

179 1889 294 1961 partes
325 1877 403 1942 illas
436 1902 570 1944 aronero
602 1882 752 1968 quinque,
785 1905 866 1969 quae
889 1879 969 1966 fere
999 1895 1108 1946 sertae
1127 1881 1283 1970 Jiaaaque

176 1979 288 2069 suase
307 1986 471 2069 videntur,
493 2009 559 2051 οοο
578 1989 775 2074 pepererim,
807 1987 1064 2075 Aristophanem
1085 1991 1182 2054 otiam
1203 1990 1280 2054 alitis

182 2096 309 2160 notitiis
332 2097 416 2160 soita
437 2095 545 2182 dipais
566 2119 608 2160 esa
627 2119 664 2159 re
688 2097 792 2161 locam
811 2099 1016 2165 oonoossisse.
1058 2100 1106 2162 ito
1128 2096 1281 2184 fortasse

182 2203 309 2270 iudsaio
331 2204 371 2268 de
392 2207 597 2290 praestantia
611 2203 809 2290 fabularum
830 2209 996 2292 appinait,
1014 2207 1073 2272 sed
1091 2231 1130 2272 oo
1145 2207 1279 2293 perbre-

181 2315 246 2397 oia,
270 2316 398 2399 opinor,
421 2325 451 2378 et
473 2336 544 2378 eam
567 2317 722 2378 memoria
744 2333 853 2380 retum
874 2318 1056 2397 ooaiuaota,
1077 2351 1120 2363 -
1141 2338 1202 2380 nea
1224 2316 1280 2380 de-

182 2421 294 2486 deoetzt
321 2421 585 2508 Aristophanem,
616 2447 699 2512 qnae
729 2425 764 2486 in
793 2427 992 2512 apamensis
1025 2422 1217 2510 Euripideis
1249 2437 1280 2488 et
1378 2447 1381 2452 ’

154 2545 157 2556 ·
181 2529 433 2617 Aristophaneis
450 2531 489 2596 de
506 2531 681 2596 oa'rtatihas
699 2535 879 2598 carminata
902 2532 1041 2598 breviter
1057 2546 1088 2596 et
1101 2534 1280 2619 prudenter

183 2639 408 2707 admoneatur.
439 2663 522 2727 quse
544 2664 607 2728 quo
627 2643 697 2708 iure
719 2642 882 2708 monuerit
902 2641 1178 2712 Schneidewinus
1200 2663 1278 2708 mox

165 2747 352 2836 'apparebit
373 2750 501 2814 collatis
520 2749 608 2816 inter
630 2773 665 2816 se
679 2751 881 2836 argumentis
901 2752 941 2816 ab
956 2750 1180 2837 Aristophane
1202 2772 1278 2816 eon-

180 2857 287 2939 leotis,
318 2867 351 2924 et
381 2857 451 2946 ipse
480 2857 544 2923 iam
566 2859 617 2924 vir
637 2859 753 2925 doetus
776 2860 811 2923 in
832 2857 1062 2948 persequenda
1085 2859 1277 2946 quaestione

180 2969 284 3058 probe
305 2969 481 3053 intellexit,
503 2970 622 3036 iudicia
642 2971 699 3038 illa
720 2971 762 3036 de
785 2971 985 3058 praestantia
1005 2970 1189 3038 fabularum
1210 2972 1277 3037 ein·

180 3078 268 3164 gulis
289 3078 492 3166 argumentis
513 3079 663 3168 apposita
679 3083 745 3144 non
766 3079 872 3144 minus
896 3089 1021 3146 sertam
1041 3080 1206 3166 fixamque
1229 3081 1275 3144 el·
1348 3157 1350 3162 Ι

179 3187 295 3254 fecisse
314 3197 582 3274 argumentorum
605 3190 924 3277 Aristophaneorum
948 3189 1153 3278 perticulam,
1178 3177 1276 3275 quim

179 3304 277 3360 notae
301 3293 342 3360 de
362 3296 436 3362 loeo
467 3297 604 3363 actionis
627 3298 668 3365 de
691 3298 781 3364 chori
805 3298 1043 3386 compositione
1065 3298 1106 3364 de
1128 3295 1276 3363 didasca-

180 3403 253 3469 licis
276 3404 414 3490 aliisque
442 3407 551 3472 rebus.
586 3427 686 3492 qnare
712 3429 795 3492 quae
826 3406 987 3474 eiusmodi
1014 3406 1049 3471 in
1073 3406 1276 3492 argumentis

178 3512 396 3596 inveniantur,
430 3525 466 3580 nt
489 3525 618 3580 sextum
641 3514 905 3582 observationum
928 3539 1033 3601 genus
1056 3516 1166 3582 littera
1190 3515 1275 3581 Fli·
1383 3507 1386 3514 ’

181 3631 253 3688 oeat
274 3632 399 3689 notare.
423 3623 463 3690 de
486 3624 624 3711 septimo
648 3623 788 3706 deniqne
811 3647 920 3692 rerum
940 3625 974 3691 in
995 3626 1197 3712 argumentis
1211 3635 1275 3691 tra·

178 3738 339 3795 etntarum
359 3753 496 3818 genere,
529 3734 616 3819 quod
648 3734 761 3800 neseio
792 3757 855 3821 qua
884 3734 925 3799 de
949 3756 1044 3800 eausa
1065 3735 1215 3820 neglexit
1239 3735 1274 3798 in

179 3837 309 3906 schema
339 3863 433 3906 suum
460 3840 619 3928 resipere,
650 3843 731 3908 haec
763 3851 874 3908 monet
903 3839 1180 3908 Schneidewinus
1203 3843 1225 3908 1.
1251 3843 1273 3910 l.

178 3971 210 4034 p.
235 3949 295 4014 13:
328 3950 466 4040 donique
493 3955 633 4016 animum
662 3952 869 4047 advertamus
899 3964 1026 4038 oportet
1053 3952 1141 4040 quod
1166 3967 1213 4016 est
1240 3955 1276 4016 in

178 4080 249 4145 ary.
282 4057 360 4122 Ant.
390 4074 469 4145 post
502 4063 669 4146 sepositas
698 4073 810 4146 partos
838 4057 981 4146 fabulae
1012 4063 1276 4150 potationemque

178 4189 314 4232 rosnae:
344 4167 383 4236 ad
414 4167 451 4236 δὲ
475 4163 712 4258 κεφάλαιον
740 4168 809 4236 ἐστὶ
835 4165 945 4258 τάφος
972 4169 1193 4248 Πολυνείκους
1220 4170 1275 4236 καὶ

175 4269 369 4362 Ἀντιγόνης
390 4268 553 4361 ἀναίρεσις
572 4277 627 4342 καὶ
643 4271 748 4362 μόρος
766 4268 942 4365 Εὕριδίκης
961 4280 1022 4364 τῆς
1033 4278 1188 4362 Αἵμονος
1209 4303 1272 4365 μη-

175 4377 263 4469 τρός.
284 4409 361 4451 aam
381 4409 453 4453 oum
473 4411 578 4474 paene
599 4387 710 4454 eadem
728 4401 902 4453 reonrraat
925 4389 960 4453 ia
981 4411 1052 4476 arp.
1077 4385 1156 4452 Oed.
1180 4385 1271 4476 Rep,
