3020 5020
817 343 859 413 ta

378 531 533 615 ¹Veteres
554 529 691 595 Homeri
712 517 911 618 interpretes
933 529 1122 599 Zenodotns
1145 530 1389 620 Aristophanes

293 640 506 708 Aristarchus
520 640 576 705 vel
589 640 722 705 omnino
736 639 943 706 abstinebant
958 643 998 707 ab
1015 650 1085 708 arte
1103 640 1173 708 eius
1190 641 1389 731 explicanda

290 749 404 816 veliis
426 749 653 816 tantumlocis
676 748 754 814 artis
774 749 924 836 poeticae
947 751 1104 816 rationem
1127 751 1301 847 habebant,
1330 751 1388 818 nbi

289 857 330 923 ad
363 857 568 946 quaestiones
598 855 725 921 criticas
757 856 931 924 solvendas
962 858 1039 925 inde
1069 858 1147 945 quid
1172 860 1387 927 redundaret.

288 989 355 1032 non
375 966 420 1032 ita
432 965 643 1032 recentiores.
665 965 699 1030 in
720 965 832 1032 codice
848 967 934 1032 enim
947 967 1078 1034 Veneto
1093 969 1132 1052 B,
1156 991 1298 1054 quocum
1313 971 1386 1059 plc-

288 1077 397 1161 risque
412 1074 491 1140 locis
515 1073 678 1141 consentit
688 1074 868 1163 Lipsiensis
886 1086 917 1140 et
929 1075 1123 1162 Leydenais,
1142 1077 1229 1145 haud
1251 1078 1297 1145 ita
1307 1103 1383 1169 par

208 1164 211 1171 ¹
290 1207 350 1248 vus
371 1183 536 1249 invenitur
551 1183 811 1250 observationum
826 1206 993 1269 numerus,
1017 1207 1100 1274 quae
1125 1186 1240 1253 similis
1262 1186 1383 1254 doctri·

288 1313 350 1358 nae
362 1290 534 1358 videantur
556 1313 627 1356 esse
651 1301 748 1377 atque
772 1314 842 1376 cae,
865 1315 943 1378 quas
967 1293 1000 1359 in
1023 1294 1224 1382 tragicorum
1247 1295 1385 1362 scholiis

288 1400 512 1486 cognovimus.
530 1381 711 1466 'admodum
734 1423 826 1466 rarae
849 1403 963 1467 harum
983 1403 1119 1470 laciniae
1142 1404 1176 1470 in
1199 1405 1269 1470 cod.
1285 1405 1385 1470 Ate-

286 1523 419 1599 guntnr.
440 1521 516 1578 sunt
536 1522 645 1578 antem
657 1514 731 1579 illae
747 1524 780 1578 et
797 1513 993 1579 observandi
1009 1524 1051 1598 ct,
1072 1524 1108 1581 ut
1128 1515 1234 1582 obiter
1255 1513 1384 1600 legenti

287 1620 392 1686 videri
422 1630 539 1708 potest,
572 1620 705 1687 dicendi
731 1622 858 1687 ratione
886 1622 971 1687 inter
999 1644 1035 1687 se
1066 1633 1098 1688 et
1126 1623 1383 1711 Aristophaneis

286 1730 527 1817 Didymeisque
547 1729 885 1798 animadversionibus
908 1739 973 1796 tam
992 1731 1126 1814 similes,
1149 1741 1185 1797 ut
1208 1754 1269 1820 pro
1290 1741 1382 1798 certo

287 1838 474 1905 habendum
494 1841 547 1917 sit,
570 1861 623 1904 eas
640 1840 679 1905 ab
698 1862 764 1905 uno
781 1839 962 1928 eodemque
979 1841 1191 1926 grammatico
1212 1843 1383 1929 profectas

239 1939 244 1956 “
287 1969 359 2013 esse
385 1957 417 2010 et
433 1971 451 2012 a
466 1948 679 2032 grammatico
698 1947 839 2033 quidem,
866 1949 921 2036 qui
942 1958 996 2014 aut
1011 1950 1147 2016 eandem
1168 1951 1263 2032 viam,
1286 1972 1383 2036 quam

288 2055 544 2143 Aristophanem
574 2054 702 2121 rideret
738 2055 850 2123 iniisse
883 2057 917 2122 in
949 2057 1149 2124 aestimanda
1179 2059 1381 2144 tragicorum

288 2174 369 2250 arte,
390 2173 645 2251 persequeretur
667 2164 701 2229 in
718 2166 925 2252 explananda
944 2176 1013 2232 arte
1024 2167 1214 2250 Homerica,
1231 2177 1288 2234 aut
1304 2169 1383 2234 Ari-

289 2272 426 2338 stotelea
439 2281 526 2336 certe
540 2271 682 2337 imbutus
705 2282 792 2338 esset
813 2273 994 2361 disciplina.
1017 2274 1113 2339 talem
1137 2275 1215 2340 artis
1237 2277 1377 2364 explica·

289 2380 413 2445 tionem
435 2379 559 2444 nullum
589 2380 739 2446 habuisse
769 2381 876 2446 locum
909 2381 943 2448 in
965 2382 1162 2450 carminibus
1185 2384 1381 2469 Homericis,

288 2488 349 2554 nisi
371 2487 474 2556 Iliade
502 2498 533 2552 et
554 2487 706 2574 Odyssea
727 2489 870 2578 acceptis
899 2513 960 2578 pro
988 2490 1115 2576 magnis
1137 2491 1229 2576 quasi
1253 2502 1378 2579 tragoe-

285 2577 361 2680 diis,
382 2597 417 2663 in
438 2607 594 2688 promptu
617 2608 677 2664 oet.

389 2705 482 2787 Quae
504 2708 674 2789 sententia,
704 2718 740 2774 ut
762 2707 935 2774 Aristoteli
949 2711 975 2750 ⁰⁹
1004 2710 1137 2798 propria
1164 2709 1237 2795 fuit,
1271 2711 1317 2776 ita
1347 2733 1381 2778 re

288 2836 366 2880 vera
396 2814 429 2879 in
460 2815 610 2883 omnibus
640 2815 922 2882 observationibus
953 2816 1048 2884 redit.
1089 2816 1124 2884 in
1151 2819 1381 2909 Aristophanis

290 2924 531 2990 commentariis
545 2924 729 2990 Homericis
753 2924 822 2990 eius
846 2925 1027 2992 sententiae
1050 2925 1176 2993 nullum
1196 2927 1382 3014 vestigium.

288 3032 426 3119 Didymi
450 3055 579 3119 quoque
602 3033 911 3101 commentariorum
924 3034 1178 3102 Homericorum
1194 3041 1381 3122 exegetico-

289 3163 361 3206 rum
384 3162 466 3226 qnae
488 3152 663 3231 supersunt
684 3143 857 3229 reliquiae,
878 3166 1003 3233 paucae
1026 3145 1158 3231 quidem
1176 3155 1209 3210 et
1226 3155 1290 3212 mm
1311 3146 1381 3212 exi·

830 3277 849 3310 θ

359 3397 394 3450 69
413 3395 467 3452 Otr.
477 3395 554 3451 AM
568 3415 595 3468 p.
609 3398 691 3452 14481)
705 3398 740 3452 34
750 3391 844 3468 ὥσπερ
856 3397 888 3452 dl
899 3401 945 3451 rat
959 3395 991 3451 tri
1010 3398 1148 3453 σπουδαῖα
1167 3392 1287 3471 μάλιστα
1305 3418 1380 3464 norp-

287 3487 334 3558 τὴς
346 3485 467 3563 Ὅμηρος
483 3483 516 3558 ἦν
534 3486 631 3565 (μόνος
648 3490 703 3564 γὰρ
721 3487 773 3564 οὐχ
790 3488 832 3548 ὅτι
859 3484 896 3560 εὖ,
927 3489 984 3546 ἀλλ’
1003 3489 1044 3546 ὅτι
1061 3497 1107 3547 act
1124 3488 1255 3567 μιμήσεις
1273 3494 1381 3566 δραμα-

288 3583 364 3648 τικᾶς
380 3586 529 3656 ἐποίησεν),
558 3583 627 3644 οὕτω
653 3590 685 3643 δὲ
709 3593 756 3643 καὶ
772 3585 805 3642 τὰ
820 3589 867 3658 τῆς
883 3589 1031 3661 κωμῳδίας
1049 3583 1178 3661 σχήματα
1196 3591 1302 3662 πρῶτος
1319 3589 1381 3644 ὑπ(-

289 3683 388 3746 δτιξεν,
419 3677 451 3736 οὐ
471 3678 564 3752 ψόγον
587 3681 654 3738 ἀλλὰ
678 3682 709 3738 τὸ
728 3687 837 3756 γελοῖον
853 3679 1109 3758 δραματοποτὴσας·
1134 3682 1221 3756 ὁγὰρ
1239 3691 1381 3756 Μαργίτης

287 3769 425 3846 ἀνάλογον
442 3779 497 3848 ἔχει
518 3773 612 3847 ὥσπερ
626 3777 706 3841 Ἰλιὰς
729 3785 775 3836 aral
798 3775 939 3838 boteone
967 3779 1036 3852 πρὸς
1058 3779 1105 3842 τὰς
1129 3781 1289 3852 τραγῳδίας,
1313 3778 1380 3836 οὕτω

288 3875 334 3924 καὶ
352 3857 429 3932 οὗτος
445 3870 515 3944 πρὸς
531 3872 579 3936 τὰς
596 3877 750 3948 κωμῳδίας.
770 3877 825 3932 iam
843 3883 909 3932 ante
929 3876 1110 3932 Aristotelem
1129 3876 1210 3932 Plato
1230 3877 1378 3934 Homerum

289 3971 401 4038 poetam
425 3971 561 4040 tragicum
588 3972 779 4042 appellaverat
801 3972 845 4028 vel
870 3973 1045 4044 tragicorum
1063 3973 1229 4044 magistrum
1248 3971 1299 4030 cir.
1318 3973 1378 4030 Rei·

290 4063 368 4133 publ.
378 4064 403 4118 X
415 4082 441 4136 p.
452 4061 647 4138 607²⁰0pupcr
665 4063 877 4134 ποιητικώτατον
894 4069 962 4124 εἶναι
982 4073 1026 4122 acl
1046 4069 1155 4138 πρῶτον
1171 4069 1226 4125 τῶν
1243 4071 1378 4140 τραγῳδο-

288 4161 383 4214 ποιῶν.
402 4159 439 4214 ib.
449 4177 476 4231 p.
488 4161 550 4216 595ο
565 4163 635 4216 ἔοικε
654 4155 791 4234 (Ὅμηρος)
808 4161 932 4236 μὲνγὰρ
951 4163 1005 4218 τῶν
1021 4165 1113 4218 καλῶν
1131 4157 1262 4220 ἁπάντων
1279 4157 1377 4220 τούτων

292 4257 346 4312 τῶν
368 4255 504 4330 τραγικῶν
528 4257 634 4328 πρῶτος
658 4251 823 4319 διδάσκαλος
846 4277 872 4312 τε
895 4265 938 4312 rat
965 4255 1076 4332 ἡγεμὼν
1092 4263 1234 4330 γενέσθαι.
1271 4259 1320 4318 eir.
1339 4261 1372 4318 ib.

290 4353 392 4422 potet
410 4359 439 4409 at
458 4351 570 4410 Theaet.
585 4347 616 4426 p.
629 4357 698 4412 1⁶2⁶.
