3020 5020
631 367 716 437 '25

230 556 388 622 Brevibus
404 557 454 623 his
470 556 599 623 iudiciis
614 578 652 622 ea
666 577 796 642 quoque
808 556 1049 626 annumeranda
1063 565 1148 640 sunt,
1163 577 1246 643 quae

143 665 186 732 de
211 666 249 733 iis
270 666 387 732 fabulis
405 667 477 732 tulit
498 667 751 755 Aristophanes,
774 689 911 752 quarum
927 675 1098 731 eventusa
1120 666 1245 752 tragica

143 773 317 841 severitate
338 775 467 842 'alienus
503 797 573 841 esse
596 775 774 840 videretur.
829 776 911 841 haee
934 797 1000 840 non
1022 776 1129 840 minus
1154 784 1241 840 certe

142 883 286 950 formula
307 883 407 950 briaae
432 884 572 967 astricta,
607 907 703 969 quam
734 907 816 969 quae
842 883 939 950 modo
958 882 1180 972 apposuimus,
1202 905 1246 948 ex

115 992 273 1058 'duobus
312 1013 394 1079 quae
426 1004 554 1058 servata
587 1003 662 1058 sunt
696 993 856 1080 exemplis
889 993 966 1058 licet
1003 993 1177 1079 colligere,
1210 993 1244 1058 in

141 1121 269 1186 argum.
296 1101 354 1169 Or.
377 1103 456 1186 (Vl)
480 1099 518 1167 ari
539 1101 575 1168 δὲ
594 1102 701 1187 δρᾶμα
720 1100 952 1186 κωμικωτέραν
975 1098 1042 1184 ἔχει
1065 1097 1126 1188 τήν
1147 1124 1245 1166 κατα-

142 1204 301 1299 στροφήν,
329 1220 361 1276 et
393 1210 428 1276 in
462 1233 529 1298 arg.
557 1212 683 1277 Alcest.
707 1211 788 1296 (IX)
811 1206 849 1276 τὸ
872 1210 908 1277 δὲ
929 1211 1037 1296 δρᾶμα
1058 1210 1241 1294 repraest-

142 1341 203 1402 ραν
226 1315 292 1400 ἔχει
324 1319 382 1407 τὴν
398 1315 638 1414 1καταστροφήν.
674 1329 705 1385 at
728 1320 840 1385 brevia
864 1320 943 1384 haec
967 1319 1088 1384 iudicia
1109 1342 1174 1384 non
1197 1320 1238 1384 ab

141 1429 215 1518 ipso
239 1429 461 1516 Aristophane
497 1439 562 1495 tam
591 1429 688 1494 arctis
710 1429 829 1494 finibus
859 1429 1106 1516 circumscripta
1127 1428 1244 1511 fuisse,

146 1560 245 1626 qnam
263 1537 380 1623 quibus
395 1559 482 1602 nunc
499 1537 699 1603 caridemus
715 1537 866 1622 coercita,
882 1537 977 1603 huius
991 1538 1038 1602 rei
1052 1538 1246 1604 documento

142 1656 193 1712 cst
216 1656 445 1731 argumentum
470 1645 723 1711 Andromachae
749 1645 827 1730 (lt),
859 1646 946 1730 quod
969 1667 1068 1732 supra
1091 1645 1245 1712 emenda-

142 1755 216 1838 tius,
238 1776 334 1840 quam
356 1754 462 1820 adhuc
487 1755 658 1820 ferebatur
680 1754 826 1819 exhibui.
872 1778 946 1820 nam
970 1765 1005 1819 ut
1027 1757 1067 1822 ab
1092 1755 1242 1820 omnibus

144 1862 325 1931 editoribus
348 1865 419 1929 sine
442 1863 519 1948 ulla,
542 1862 728 1942 utvidetur,
753 1863 970 1950 corruptelae,
992 1863 1044 1928 eui
1063 1863 1242 1931 obnoxium

144 1983 203 2056 est,
228 1973 407 2062 suspitione
442 1972 568 2038 editum
594 1983 643 2038 est
666 1972 921 2057 Aristophanem
955 1971 1074 2039 mirum
1093 1973 1187 2039 nobis
1212 1983 1244 2039 ct
1279 2006 1281 2012 v

143 2104 258 2170 parum
278 2082 475 2170 prudentem
492 2081 631 2146 iudicem
649 2080 809 2164 deelarat3
832 2080 960 2165 mirum,
984 2081 1135 2166 quoniam
1150 2082 1244 2146 fabu-

144 2191 219 2273 lam,
244 2191 336 2256 cuius
359 2199 473 2256 omnes
506 2189 577 2254 fere
611 2183 720 2275 partes
741 2210 806 2253 non
829 2189 987 2255 mediocri
1021 2190 1116 2254 effert
1134 2189 1242 2274 laude,

143 2300 279 2366 secundi
308 2299 431 2365 ordinis
454 2321 526 2364 esse
549 2297 682 2380 iudicat,
710 2320 824 2386 parum
855 2297 1065 2383 prudentem,
1087 2299 1240 2384 quoniam

142 2431 279 2474 scaenas
313 2407 488 2474 nonnullas
518 2406 671 2472 dramatis
697 2405 887 2494 praedicat,
922 2429 1000 2492 quas
1038 2387 1092 2472 vel
1120 2429 1238 2474 caecus

145 2519 276 2605 quidam
323 2518 401 2583 artis
435 2516 633 2604 Euripideae
666 2526 789 2582 amator
819 2517 876 2582 vix
910 2516 1095 2582 tolerabiles
1127 2517 1278 2583 habeat,

142 2626 266 2693 nedum
295 2625 475 2714 praedicet.
528 2627 717 2714 exemplum
738 2627 873 2712 praebet
895 2625 1094 2690 Hermionae
1121 2627 1237 2709 oratio,

146 2739 188 2804 de
221 2758 285 2822 qua
319 2736 575 2824 Aristophanes:
608 2711 705 2819 bbere
735 2731 773 2800 τὸ
802 2729 970 2816 βασιλικὸν
1003 2731 1241 2822 ὑποφαίνουσα.

144 2845 195 2914 bis
213 2846 402 2932 longiorem
425 2846 544 2910 recitat
566 2864 749 2909 sermonem
773 2842 958 2928 Hermiona
985 2843 1125 2912 alterum
1148 2843 1240 2909 initio

143 2954 274 3022 fabulae
296 2955 452 3020 adversus
465 2952 730 3020 Andromacham
754 2953 799 3036 (v.
812 2952 870 3015 147
882 2976 953 3039 sqq.
977 2953 1074 3032 Nol.)
1099 2954 1238 3036 alterum

143 3062 179 3127 in
202 3063 267 3128 fine
290 3065 335 3148 (v.
346 3063 409 3128 920
423 3063 519 3150 sqq.).
571 3083 708 3147 quorum
737 3059 881 3148 priorem
902 3083 977 3126 oum
1000 3061 1240 3149 Aristophanes

145 3181 379 3238 commemoret
405 3171 513 3236 verbis
536 3165 554 3235 ὁ
574 3164 660 3254 πρὸς
689 3157 909 3255 Ἀνδρομάχην
940 3164 1035 3255 λόγος
1065 3162 1104 3236 eri
1135 3173 1242 3251 κακῶς

143 3276 229 3364 ἔχων
250 3289 397 3369 apparet,
420 3281 477 3345 illo
498 3277 620 3344 iudicio
647 3299 720 3343 eum
750 3278 790 3343 ad
815 3278 1030 3366 posteriorem
1061 3289 1238 3368 spectasse.

141 3392 175 3456 in
199 3413 264 3478 quo
287 3390 313 3456 si
335 3390 464 3475 regium
487 3411 612 3456 morem
636 3387 872 3473 ingeniumque
896 3389 1097 3472 quaesiveris
1119 3389 1239 3457 eximie

143 3499 209 3566 eris
240 3499 351 3564 falsus.
413 3498 593 3564 Hermiona
625 3495 892 3562 Andromacham
931 3498 1102 3582 aemulam,
1145 3522 1240 3586 quam

145 3607 246 3674 Troia
268 3629 381 3675 seeum
404 3606 547 3672 duxerat
561 3605 798 3693 Neoptolemus
817 3606 1044 3689 concubinam,
1064 3608 1105 3671 de
1130 3607 1239 3674 medio

143 3716 264 3784 tollere
299 3725 413 3784 conata
444 3715 615 3802 quominus
646 3726 815 3804 perpetret
846 3717 973 3783 facinus
1001 3717 1240 3786 interveniente

143 3827 247 3894 Peleo
268 3825 456 3915 impeditur.
500 3826 564 3890 iam
585 3827 625 3891 ab
647 3826 728 3891 irato
752 3827 879 3909 marito,
901 3828 955 3912 qui
977 3829 1048 3917 ipsa
1059 3829 1240 3894 Hermiona

144 3945 227 4002 testa
255 3936 521 4004 Andromacham
545 3936 649 4021 magis
681 3936 896 4018 adamaverat,
926 3959 1022 4022 quam
1058 3938 1239 4024 legitimam

143 4067 295 4129 uxorem,
319 4047 438 4110 iustam
453 4053 630 4134 expectans
654 4068 793 4134 poenam
808 4047 841 4110 in
865 4046 1010 4112 oratione
1033 4047 1090 4112 illa
1111 4069 1240 4113 omnem

142 4175 301 4240 angorem
324 4177 418 4220 suum
447 4164 636 4239 metumque
659 4153 769 4221 Oresti
802 4164 836 4220 et
859 4156 958 4240 choro
984 4155 1139 4244 patefacit
1157 4151 1240 4220 ‘iure

143 4285 196 4329 me
229 4263 346 4350 perdet
368 4255 623 4352 Neoptolemus!
654 4264 732 4350 quid
753 4265 869 4349 habeo,
898 4287 961 4352 quo
985 4287 1036 4330 me
1058 4266 1238 4332 excusem?

143 4372 235 4440 mitte
258 4395 322 4459 me,
344 4373 530 4463 oJuppiter
546 4373 706 4460 gentilici,
728 4374 898 4442 interram
912 4373 1158 4441 remotissimam
1182 4383 1237 4441 aut
