3030 5028
810 369 830 434 2

275 551 310 615 in
334 551 548 637 argumentis,
571 551 748 615 decurtatis
767 549 818 615 his
840 551 928 618 omni
947 551 1042 617 modo
1066 562 1100 617 et
1121 553 1162 618 ad
1177 553 1276 620 vilem
1300 555 1367 623 exi·

275 659 400 726 litatem
422 661 574 742 redactis,
596 660 805 748 amplificatis
827 661 893 726 illis
909 661 1011 726 sterili
1026 663 1284 746 magistellorum
1299 665 1366 750 By·

274 769 476 836 zantinorum
500 768 649 834 doctrina
672 776 703 834 et
727 770 896 834 maceratis
920 793 1003 834 vana
1025 770 1163 855 quadam
1194 767 1389 857 inutilique'

274 879 448 943 verborum
470 879 631 945 ubertate.
657 899 739 965 quae
763 878 900 943 fontium
926 889 958 942 et
980 881 1124 966 paucitas
1148 890 1180 946 et
1205 881 1366 967 exiguitas

274 988 423 1076 inprimis
443 986 573 1052 videtur
594 987 627 1050 in
651 1010 749 1051 causa
770 987 885 1071 fuisse,
907 1011 963 1052 cur
978 988 1385 1056 studiorumaveteribus'

275 1095 495 1182 grammaticis
511 1097 544 1160 in
557 1105 626 1160 arte
638 1104 808 1183 poetarum
821 1097 1016 1182 explicanda
1030 1097 1264 1164 collocatorum
1276 1099 1367 1164 nulla

275 1205 346 1271 fere
367 1204 474 1270 adhuc
491 1204 572 1269 ratio
593 1204 768 1269 haberetur
777 1208 799 1269 ².
825 1205 917 1270 cuius
932 1205 980 1270 rei
996 1205 1099 1270 altera
1121 1207 1215 1271 etiam
1238 1206 1367 1272 accedit

273 1336 378 1379 causa.
401 1335 525 1378 summa
535 1321 684 1377 veterum
706 1312 905 1406 scholiorum
927 1313 1048 1379 utilitas
1072 1315 1166 1380 nobis
1188 1315 1295 1404 posita
1318 1325 1368 1381 est

272 1423 307 1488 in
331 1444 443 1488 rerum
465 1422 606 1486 cuiusvis
629 1421 762 1505 generis
785 1422 1071 1510 explicationibus,
1104 1425 1257 1508 quoniam
1286 1426 1365 1490 anti-

276 1533 347 1619 quis
370 1531 604 1619 interpretibus
627 1531 735 1597 fontes
752 1530 854 1618 aperti
872 1541 974 1615 erant,
999 1532 1054 1616 qui
1066 1533 1159 1597 nobis
1175 1533 1366 1599 iamdudum
1394 1581 1397 1588 ·

276 1649 487 1708 exaruerunt.
512 1634 726 1723 quid'dearte
741 1649 910 1730 poetarum
933 1637 1149 1706 iudicaverint
1171 1642 1254 1706 nihil
1277 1666 1367 1708 cura·

274 1771 346 1813 mus
357 1770 419 1814 nec
432 1769 565 1814 necesse
578 1757 627 1812 est
640 1769 802 1831 curemus,
824 1771 897 1812 nam
915 1748 949 1812 in
961 1747 1023 1813 hac
1038 1771 1073 1814 re
1088 1772 1130 1815 ex
1145 1751 1261 1815 eodem
1275 1747 1366 1816 fonte

274 1857 440 1922 haurimus
462 1865 559 1943 atque
581 1855 641 1939 illi,
665 1877 707 1920 cx
729 1856 808 1942 ipsis
831 1854 958 1921 scilicet
981 1858 1151 1944 poematis.
1179 1881 1278 1944 quare
1300 1880 1367 1924 non

273 1953 391 2030 mirhm
415 1974 474 2050 est,
496 1964 582 2051 quod
604 1965 659 2050 qui
682 1975 794 2030 nostra
819 1975 925 2031 aetate
949 1965 989 2030 de
1012 1968 1196 2050 fabularum
1221 1967 1365 2036 Graeca·

272 2097 345 2140 rum
366 2073 565 2163 praestantia
584 2073 787 2138 aestimanda
810 2074 977 2161 disputant
994 2074 1158 2140 rarissime
1172 2083 1298 2141 tantum
1312 2097 1364 2140 co·

272 2206 344 2248 rum
365 2181 487 2247 habent
506 2181 677 2264 rationem,
708 2203 790 2266 quae
813 2179 855 2246 de
877 2182 937 2246 hac
958 2204 994 2246 re
1014 2193 1143 2248 veteres
1165 2166 1363 2270 interpretes
1405 2225 1411 2234 -

272 2292 486 2380 protulerunt.
531 2311 636 2374 neque
659 2289 741 2356 illud
769 2291 959 2379 primarium
988 2301 1058 2355 erat
1080 2312 1141 2355 nec
1166 2281 1277 2378 potuit'
1293 2314 1364 2358 esse

274 2399 445 2464 consilium
467 2399 564 2464 hasce
588 2399 744 2486 reliquias
766 2399 948 2483 colligenti,
969 2409 1004 2463 ut
1020 2399 1095 2463 novi
1117 2399 1239 2484 aliquid
1261 2421 1302 2463 ex
1323 2400 1362 2463 iis

273 2508 457 2573 disceretur
479 2507 519 2570 ad
544 2487 770 2572 admirabilem
791 2516 907 2591 artem,
932 2530 994 2592 qua
1017 2509 1147 2572 exculta
1165 2517 1241 2574 sunt
1262 2507 1365 2584 Grae·

274 2639 386 2681 corum
409 2616 564 2698 dramata,
588 2615 683 2680 altius
696 2615 969 2701 perspiciendam,
992 2638 1187 2702 quamquam
1211 2615 1264 2680 vel
1287 2615 1363 2680 huic

271 2727 320 2792 rei
342 2749 407 2794 uon
430 2724 551 2790 nullius
574 2734 649 2788 sunt
672 2723 796 2789 fructus
816 2733 962 2790 veterum
979 2724 1109 2807 iudicia,
1132 2724 1191 2790 sed
1207 2723 1241 2790 id
1256 2725 1365 2812 potius

272 2831 495 2922 spectandum,
516 2841 562 2914 ut,
587 2842 743 2920 quantum
765 2833 896 2918 quidem
920 2833 1024 2921 potuit
1048 2833 1118 2900 fieri
1137 2833 1170 2897 in
1191 2841 1279 2898 tanta
1293 2833 1363 2900 fou·

272 2943 352 3007 tium
376 2940 531 3023 siccitate,
554 2939 614 3004 lux
637 2933 861 3006 affunderetur
875 2942 1105 3025 grammaticae
1119 2941 1365 3007 Alexandrinae

272 3051 366 3139 parti,
390 3072 472 3136 quae
493 3073 511 3113 a
532 3049 681 3139 plurimis
705 3072 830 3133 corum,
861 3049 914 3136 qui
942 3061 1055 3116 nostro
1085 3073 1166 3116 aevo
1188 3052 1295 3117 studio
1317 3051 1365 3116 hi-

272 3159 390 3224 storiae
421 3159 652 3244 grammaticae
674 3157 923 3224 Alexandrinae
957 3181 991 3223 se
1015 3158 1198 3243 dederunt,
1232 3181 1365 3247 prorsus

271 3269 436 3354 neglecta,
462 3291 480 3333 a
502 3267 627 3355 paucis,
650 3267 705 3352 qui
727 3289 798 3331 eam
816 3267 1006 3352 tetigerunt,
1027 3267 1133 3331 obiter
1144 3276 1267 3332 tantum
1279 3277 1366 3333 tacta

273 3384 330 3442 est.
355 3376 416 3440 hac
439 3371 478 3438 dc
503 3373 599 3441 causa
614 3374 779 3460 reliquias,
803 3395 884 3459 quae
902 3375 936 3438 in
952 3374 1083 3440 scholiis
1101 3375 1365 3440 observationum

272 3485 314 3549 ad
343 3485 544 3568 tragicorum
572 3494 674 3549 artem
704 3483 920 3572 spectantium
956 3492 1078 3566 extant,
1111 3482 1232 3569 collegi
1260 3483 1365 3571 iisque

370 3703 387 3754 2
413 3701 446 3754 In
471 3701 597 3755 Eduardi
620 3700 749 3755 Muelleri
773 3699 857 3767 libro,
881 3701 929 3770 qui
951 3700 1116 3755 inscribitur
1140 3705 1289 3772 pesclrtctte
1317 3703 1364 3755 der

272 3801 373 3852 theoria
400 3800 446 3851 der
474 3801 552 3852 kunst
578 3801 620 3851 tet
640 3799 690 3852 dea
709 3800 783 3851 alten
806 3800 823 3848 2
844 3797 908 3851 vell.
932 3797 1049 3851 Breslau
1066 3799 1135 3852 1834
1153 3799 1181 3852 et
1198 3799 1233 3850 37
1251 3814 1300 3851 sex
1317 3814 1366 3866 pa·

272 3893 354 3966 ginae
373 3893 437 3960 (vol.
447 3893 474 3946 ΙΙ
483 3911 509 3962 p.
520 3894 657 3962 aas-30)
676 3893 720 3947 his
739 3893 983 3964 grammaticorum
999 3893 1251 3950 Alexandrinorum
1266 3893 1365 3948 studiis

273 3989 353 4044 datae
375 3994 448 4054 sunt,
470 4006 587 4058 quarum
605 3990 726 4058 quinque
739 3990 838 4045 breves
849 3989 995 4044 nonnullas
1007 3989 1042 4043 de
1055 3987 1219 4042 Aristarcho
1230 3987 1366 4058 Zoiloque

272 4086 491 4153 observationes,
514 4089 595 4140 sexta
612 4084 647 4140 de
665 4085 734 4140 artis
743 4085 869 4156 tragicae
881 4083 1119 4140 existimatoribus
1129 4085 1201 4138 nihil
1214 4083 1290 4139 aliud
1300 4102 1365 4140 con-

273 4182 346 4236 tinet
365 4182 420 4238 nisi
438 4183 473 4236 da
491 4182 525 4236 iis
542 4181 612 4234 nihil
629 4198 680 4235 nos
700 4181 780 4236 scire.
811 4180 860 4236 alii
879 4181 932 4236 viri
951 4180 1027 4236 docti
1045 4180 1075 4234 in
1092 4177 1164 4236 hano
1191 4197 1251 4236 rom
1269 4179 1366 4236 dedita

272 4295 358 4347 opera
373 4295 431 4332 non
439 4276 653 4346 inquisiverunt.
672 4278 781 4348 singula
793 4277 925 4346 quaedam
937 4277 1093 4347 tetigerunt
1102 4276 1264 4332 Wcl'okerus
1274 4275 1365 4331 Schle-

271 4375 360 4443 gelius
378 4373 438 4445 (cfr.
458 4379 634 4446 uordestmyen
652 4377 709 4428 areb.
729 4377 813 4430 drani.
834 4374 941 4446 hausti
962 4391 989 4442 p.
1002 4375 1060 4428 134.
1082 4375 1141 4429 168.
1164 4373 1227 4444 170)
1244 4372 1299 4427 alii.
