3020 5020
644 385 687 452 λδ

217 572 418 655 περιπαθῶς
439 559 518 658 dyas
537 565 571 636 ori
590 569 761 638 Φοίνισσαι
784 571 824 660 τῇ
844 569 1018 659 τραγῳδίᾳ.
1059 562 1216 638 α’πῶλετο

102 680 172 766 γδρ
204 675 226 747 δ
254 680 420 766 Κρίσπος
447 675 519 759 stig
548 672 617 746 ῶπδ
643 681 707 746 τοῦ
738 680 866 763 τείχους
891 678 974 765 δπδρ
1001 683 1060 768 τῆς
1085 675 1217 759 πόλεως

102 781 309 859 ἀποθανών.
352 781 524 858 ἀπίθανον
542 789 579 858 δὲ
599 791 654 856 καί
677 785 708 856 oi
732 784 795 858 δύο
817 784 960 880 ridet-spot
977 786 1034 856 ὑπ’
1057 781 1217 877 α’λλὴλων,

102 899 163 966 καὶ
185 891 345 987 Ἰοκάστη,
377 895 533 988 ἡμήτηρ,
555 897 673 988 ἑαυτήν
694 894 821 967 ἀνεῖλεν
842 899 899 967 ἐπὶ
919 905 992 979 τοῖς
1014 898 1120 966 παισί.
1162 900 1216 966 καί

104 1003 138 1075 ολ
164 1008 229 1075 ἐπὶ
248 1003 362 1096 Θήβας
382 1004 661 1094 στρατευσάμενοι
681 1001 825 1095 Ἀργεῖοι
846 1000 1042 1076 ἀπώλοντο·
1064 1008 1119 1074 καί
1140 995 1215 1074 dau·

103 1139 175 1205 φος
210 1118 414 1206 Πολυνείκης
444 1114 626 1205 πρόκειται.
667 1119 722 1186 καὶ
748 1115 766 1186 δ
792 1117 951 1199 Οἰδίπους
975 1123 1034 1207 τῆς
1058 1117 1218 1204 πατρίδος

104 1221 313 1312 ἐκβάλλεται,
338 1228 392 1294 καί
410 1223 473 1295 σδν
493 1221 581 1315 αὐτῷ
603 1223 624 1317 ἡ
647 1225 796 1316 θυγάτηρ
817 1219 993 1316 Ἀντιγόνη.
1025 1224 1154 1297 ἔστιδὲ
1177 1222 1216 1294 cd

104 1337 224 1423 δρᾶμα
255 1337 310 1403 καὶ
338 1331 612 1422 πολυπρόσωπον
640 1337 694 1404 καὶ
721 1340 859 1423 γνωμῶν
885 1333 1006 1421 μεστὸν
1026 1337 1159 1404 πολλῶν
1180 1359 1216 1402 τε

104 1446 162 1511 καὶ
186 1446 308 1512 καλῶν.

221 1554 312 1621 Haeo
333 1554 414 1621 mihi
427 1554 619 1620 recentioris
631 1554 834 1641 grammatici
848 1555 1002 1623 videntur
1016 1577 1099 1639 esse,
1119 1575 1216 1642 quem

107 1661 328 1730 defensorem
350 1661 526 1751 Euripides
547 1663 626 1730 dixi.
650 1674 685 1730 ut
709 1687 808 1752 supra
827 1665 1060 1752 Aristophanis
1081 1665 1215 1732 Andro·

109 1772 265 1838 maehum
295 1773 511 1861 vituperantis
542 1773 737 1839 sententism
766 1793 805 1838 eo
825 1775 969 1840 refutare
992 1783 1127 1843 conatus
1156 1784 1216 1860 est,
1273 1753 1281 1768 ⁸

108 1891 146 1946 ut
169 1881 317 1968 tragicus
346 1883 478 1948 fabulae
506 1893 616 1971 partes
643 1892 861 1964 enumeraret,
890 1884 935 1949 it'a
962 1884 996 1948 in
1022 1883 1085 1952 hoc
1116 1905 1216 1971 argu·

110 2000 230 2057 mento
242 1989 508 2072 Phoenissarum,
531 1991 622 2058 cuius
635 1991 876 2080 Aristophanes
896 1993 1214 2060 nonnullasscaeuas

111 2099 306 2182 damnarit,
343 2099 489 2165 studiose
518 2100 609 2166 locos
646 2103 852 2184 περιπαθεῖς
882 2101 1067 2187 conquirit,
1100 2102 1216 2170 eodem

112 2207 183 2274 fato
206 2231 227 2274 a
249 2208 295 2274 rei
318 2208 453 2275 cardine
476 2209 632 2275 aberrans
650 2231 713 2294 quo
737 2219 842 2275 antea.
864 2210 953 2296 quod
975 2210 1063 2280 idem
1087 2211 1214 2279 Aristo·
1271 2287 1273 2294 ,

111 2317 233 2403 phanis
253 2313 599 2405 παραπληρωματικόν
629 2319 766 2384 mutavit
794 2319 828 2386 in
857 2315 1131 2406 πολυπρόσωπον
1159 2321 1214 2389 καί
1320 2361 1321 2366 1

111 2429 254 2511 γνωμῶν
274 2421 397 2510 μεστδν
418 2426 553 2494 πολλῶν
571 2451 607 2493 τε
628 2427 682 2494 καί
703 2428 835 2493 καλῶν
856 2439 970 2515 parum
992 2430 1148 2516 probetur
1168 2430 1213 2495 al·

112 2535 178 2600 teri
204 2535 408 2618 scholiastae,
434 2535 487 2624 qui
510 2536 641 2625 scripsit
652 2536 693 2602 ad
704 2561 735 2603 v.
745 2537 807 2604 388
824 2529 935 2604 οδκλν
952 2537 1059 2605 δέοντι
1080 2537 1116 2606 δὲ
1135 2560 1213 2624 γνω-

111 2645 261 2729 μολογεῖ,
276 2639 447 2732 ,τοιούτων
468 2647 576 2712 κακῶν
596 2641 829 2732 περιεστώτων
854 2650 895 2737 τῇ
916 2641 1024 2714 πόλει.
1065 2649 1216 2726 τοιοῦτος

113 2751 150 2817 δὲ
173 2751 342 2834 πολλαχοῦ
364 2751 383 2819 ὁ
408 2751 598 2840 Εδριπίδης.
621 2755 761 2821 Thomas
784 2755 944 2840 Magister
962 2754 1148 2842 promiscue
1171 2777 1215 2822 cx
1313 2818 1315 2833 ,

115 2860 220 2950 copiis
243 2861 435 2929 recentioris
464 2863 669 2948 grammatici
703 2873 735 2930 et
767 2863 997 2952 Aristophanis
1026 2887 1084 2930 suc
1117 2878 1214 2948 argu:

115 2979 229 3036 mento
250 2970 376 3037 infulsit
387 2971 485 3038 haec:
508 2967 637 3039 ἔστιδὲ
655 2972 695 3038 ad
715 2967 824 3057 παρδν
845 2972 957 3056 δρᾶμα
974 2975 1041 3038 τῶν
1061 2963 1140 3060 dyas
1163 2973 1214 3057 ἐξ·

114 3081 266 3166 αιρὲτων,
287 3080 445 3159 διανοίαις
465 3080 520 3147 καί
540 3075 682 3167 γνώμαις
702 3082 843 3160 πολλοῖς
860 3081 915 3148 καί
931 3082 1045 3161 καλαῖς
1066 3083 1120 3150 καί
1141 3106 1215 3150 ποι·

114 3185 221 3266 κίλαις
251 3180 381 3255 ἀνθοῦν
410 3188 463 3255 καί
493 3189 711 3273 μεταχειρίσει
738 3181 870 3280 ἀρίστη,
906 3190 960 3256 καλ
993 3186 1048 3258 διδ
1082 3186 1216 3258 πάντων

115 3286 274 3381 σίκμοίζον,
295 3294 399 3364 εἶκαὶ
419 3288 587 3392 ἀπίθανον
609 3294 677 3380 ἔχει
704 3294 766 3394 τήν
794 3297 841 3378 εἰς
864 3294 974 3386 Θήβας
994 3300 1216 3380 Πολυνείκους

116 3399 257 3474 ε’ίσοδον.

216 3515 335 3584 Finem
358 3517 457 3582 faciat
478 3528 708 3602 argumentum
724 3519 995 3604 Agamemnonis,
1018 3519 1137 3598 ubido
1154 3520 1215 3587 Ca·

117 3625 237 3690 sendra
257 3625 456 3692 vaticinante
478 3637 511 3690 et
526 3626 567 3692 de
582 3636 687 3692 morte
706 3627 776 3692 eins
790 3627 1119 3714 Agamemnonisque
1133 3629 1214 3694 haec

115 3733 273 3820 leguntur
293 3733 417 3804 XIVF
440 3737 543 3801 τοῦτο
565 3734 601 3802 δὲ
622 3731 660 3801 cd
684 3734 784 3820 rodcog
805 3739 868 3802 τοῦ
892 3731 1058 3822 δράματος
1079 3732 1215 3821 θαυμά-

117 3841 204 3924 ζεται
226 3837 273 3922 ῶς
295 3839 450 3931 ἔκπληξιν
472 3839 548 3926 ἕχον
568 3845 622 3910 καί
644 3836 756 3912 οἶκτον
778 3838 896 3910 ἱκανόν.
917 3842 1010 3923 ἰδίως
1030 3843 1066 3912 δὲ
1088 3841 1215 3928 Αἰσχύ-

116 3949 173 4031 λος
192 3947 251 4018 τδν
271 3943 493 4040 Ἀγαμέμνονα
515 3947 583 4019 δπδ
605 3957 722 4042 σκηνῆς
744 3944 953 4040 ῶναιρεῖσδαι
973 3955 1077 4037 ποιεῖ,
1098 3949 1156 4020 τὸν
1177 3951 1215 4020 δὲ

118 4055 314 4146 Κασάνδρας
334 4057 563 4149 σιωπήσας
590 4056 736 4130 θάνατον
766 4061 879 4149 νέκραν
908 4054 1014 4150 oderis
1034 4059 1213 4146 ὑπέδειξεν.

118 4170 157 4238 δε
181 4171 441 4256 Agamemnonis
465 4183 569 4240 morte
592 4181 792 4261 spectatores
813 4173 969 4240 certiores
994 4173 1078 4238 fiunt
1103 4173 1213 4238 excla-

117 4280 324 4364 mationibus,
345 4303 424 4366 quas
446 4280 502 4348 ille
522 4291 598 4370 post
619 4303 771 4348 scaenam
788 4281 865 4346 edit.
888 4281 949 4349 hoc
965 4277 1058 4359 ἰδίως
1072 4280 1214 4347 instituit

117 4388 317 4478 Aeschylus,
341 4412 415 4456 cum
435 4390 536 4476 longe
551 4389 795 4456 usitatissimum
813 4400 899 4456 esset
911 4389 1058 4474 tragicis,
1073 4397 1213 4457 mortem
