3020 5020
722 277 862 394 ⁷64

270 514 418 581 'toribus
443 512 590 601 opponit,
611 533 696 596 nam,
726 521 762 578 ut
784 512 966 598 Didymum
989 513 1236 603 reprehendens
1256 513 1392 602 poetico

293 625 431 690 fortasse
454 623 591 689 flosculo
614 621 713 703 addit,
734 617 946 710 ‘Sophoclem
970 633 1035 688 tam
1056 634 1200 690 veterem
1220 623 1392 689 hominem

292 743 415 798 temore
436 753 591 797 accusare
614 751 675 796 nec
696 730 785 820 pium
808 742 857 797 est
876 754 937 798 nec
956 725 1095 814 iustum',
1117 725 1176 816 cdx
1197 728 1290 800 ὅσιον
1312 724 1392 799 οὐδὲ

291 839 425 906 δίκαιον.
463 839 630 927 Euripidis
654 838 860 906 defensorem
887 842 950 906 iam
971 841 1197 926 cognovimus,
1217 841 1271 908 hic
1293 842 1391 906 vide-

292 973 362 1016 mus
382 949 432 1014 rel
452 947 610 1035 Sophocli
633 947 731 1014 talem
753 971 820 1013 non
841 949 994 1016 defuisse.
1014 950 1200 1016 huiusmodi
1225 950 1391 1018 litteratae

290 1060 376 1125 inter
399 1058 588 1124 scholiastes
611 1058 856 1144 disceptationis
878 1061 1066 1147 specimina,
1097 1082 1180 1146 qnae
1203 1061 1324 1148 passim
1354 1063 1388 1126 in

292 1167 423 1234 scholiis
437 1166 688 1252 uniuscuiusque
704 1167 857 1233 materiae
873 1168 1095 1252 inveniuntur,
1118 1170 1171 1235 vel
1187 1170 1274 1238 iniis
1288 1191 1387 1255 quae-

291 1277 459 1360 stionibus,
492 1299 570 1362 quos
594 1275 634 1341 de
658 1287 728 1341 arte
751 1286 920 1365 poetarum
944 1278 1105 1344 institutas
1128 1278 1289 1363 ridemus,
1321 1301 1388 1342 non

289 1411 363 1452 rara
385 1397 460 1452 sunt
480 1386 638 1469 nobisque
659 1395 831 1468 testantur,
852 1386 887 1451 id
909 1387 994 1471 qnod
1009 1409 1073 1454 non
1092 1389 1214 1454 nullius
1227 1387 1386 1454 momenti

290 1505 340 1562 est
364 1494 405 1560 nd
429 1494 647 1560 definiendam
671 1496 874 1580 singulorum
897 1495 1095 1562 scholiorum
1113 1507 1264 1581 aetatem,
1286 1519 1384 1586 quam

290 1606 425 1670 multum
449 1601 503 1668 vel
525 1602 612 1691 apud
633 1603 835 1670 recentiores
858 1606 1088 1689 grammaticos
1100 1606 1332 1694 Aristophanis
1348 1606 1384 1674 in

289 1715 350 1782 hac
371 1738 408 1781 re
431 1714 619 1801 exemplum
643 1714 790 1780 valuerit.
833 1707 1051 1796 scholiastam,
1076 1715 1132 1802 qui
1156 1715 1218 1781 hoc
1244 1715 1387 1782 locode·

290 1825 429 1892 fensoris
449 1835 558 1912 partes
576 1827 769 1913 susciperet,
790 1827 890 1912 longo
912 1824 1069 1912 temporis
1089 1823 1384 1912 spatioaDidymo

288 1936 470 2001 seiunctum
492 1936 593 2002 fnisse
615 1956 658 2002 ex
681 1937 763 2002 miro
789 1937 880 2002 vocis
903 1928 1043 2014 παλαιός
1072 1957 1134 2001 usn
1164 1933 1280 2018 colligi
1309 1943 1382 2024 pot-

290 2054 358 2128 est,
389 2065 487 2130 quam
521 2044 577 2110 ille
607 2045 647 2110 ad
670 2045 902 2132 opponendum
926 2043 1124 2130 Sophoclem
1148 2042 1382 2112 recentioribus

289 2154 394 2244 poetis
414 2161 560 2242 usurpat,
592 2152 656 2237 hic,
689 2162 726 2217 nt
757 2177 776 2218 s
806 2161 905 2241 poeta
928 2151 992 2216 iam
1013 2159 1174 2218 vetustate
1197 2149 1381 2218 reverendo

289 2262 446 2350 religiose
468 2282 597 2327 omnem
621 2271 730 2328 arceat
752 2262 954 2328 calumniam.
1005 2270 1039 2328 et
1063 2261 1245 2327 inhaere
1268 2269 1380 2326 notatu

290 2371 427 2456 dignum
450 2380 510 2455 est,
539 2368 785 2456 grammaticum
811 2370 914 2452 illum,
946 2391 1043 2457 quem
1072 2391 1132 2458 per
1156 2390 1209 2434 me
1232 2370 1312 2436 licet
1340 2369 1380 2434 ad

290 2490 440 2566 quartum
463 2480 653 2565 quintnmre
675 2503 707 2567 p.
730 2478 808 2546 Chr.
832 2504 863 2546 n.
888 2479 1053 2545 saeculum
1078 2477 1243 2556 detrudas,
1268 2478 1380 2544 iisdem

289 2589 492 2675 argumentis
513 2589 658 2654 refutare
679 2588 872 2675 Didymum‚
906 2609 989 2674 quac
1010 2589 1050 2654 ab
1072 2587 1292 2674 Aristophane
1316 2585 1379 2688 pri-

289 2721 376 2764 mum
399 2698 544 2764 adhibita
573 2719 634 2786 per
658 2697 765 2787 ipsum
792 2697 973 2783 Didymum
996 2696 1027 2762 ei
1051 2695 1262 2763 innotuerint.
1307 2717 1380 2760 nam

287 2808 353 2874 illis
383 2808 507 2892 μᾶλλον
535 2805 692 2893 ἐκπλῆξαι
719 2802 921 2891 βουλόμενος
951 2806 1128 2876 admodum
1156 2805 1273 2873 similia
1297 2814 1381 2888 sunt,

289 2939 370 3004 qnae
393 2919 426 2984 in
458 2925 653 3002 argumento
679 2916 939 3001 Agamemnonis
972 2917 1126 3001 leguntur
1152 2909 1198 2994 ὡς
1228 2911 1382 3002 ἔκπληξιν

288 3023 363 3109 ἕχον
382 3026 436 3092 καὶ
458 3018 569 3093 οἶκτον
589 3018 699 3093 ἱκανόν
721 3035 754 3090 et
775 3025 810 3090 iu
831 3025 932 3092 schol
957 3025 1048 3092 Aine.
1072 3024 1135 3092 346
1157 3022 1204 3104 εἷς
1228 3020 1380 3111 tiendo&

287 3135 380 3223 φέρει
399 3133 454 3202 καὶ
474 3139 575 3202 ταῦτα
595 3131 653 3202 cdv
674 3130 810 3222 θεατήν.

386 3239 570 3309 Audiamus
583 3243 792 3310 defensorem
813 3244 848 3307 in
868 3243 972 3311 altera
991 3267 1096 3310 causa.
1121 3243 1156 3310 in
1170 3241 1302 3310 scholiis
1315 3241 1377 3310 En·

286 3350 422 3440 ripidcis
442 3352 621 3418 nonnullae
641 3351 853 3419 inveniuntur
872 3352 1125 3437 observationes,
1150 3353 1267 3439 quibus
1281 3361 1377 3441 pocta

288 3461 438 3548 arguitur
458 3470 605 3550 tempora
631 3460 821 3528 confudisse
850 3463 983 3548 suisque
1007 3463 1162 3530 dramatis
1191 3461 1374 3542 inseruisse,

288 3592 372 3660 quae
393 3570 434 3636 ad
458 3591 537 3636 suae
557 3568 659 3658 ipsius
682 3569 796 3635 aetutia
816 3590 870 3636 res
892 3591 1090 3658 personasve
1111 3579 1309 3660 spectarent.
1346 3568 1376 3634 in

288 3677 339 3744 his
362 3677 447 3744 notis
475 3688 677 3746 constantem
701 3701 736 3746 se
758 3703 926 3748 censorem
951 3693 1094 3770 praestat
1115 3682 1290 3770 Didymus,
1326 3681 1376 3768 qui

289 3808 385 3872 quam
398 3787 494 3854 arctis
505 3787 624 3854 finibus
641 3809 679 3854 ea
692 3810 775 3876 qnae
787 3789 976 3875 tragoediae
989 3791 1121 3880 propria
1132 3801 1241 3858 esseut
1253 3800 1287 3856 et
1297 3811 1376 3878 qnae

287 3896 475 3964 comoediae
510 3899 823 3988 circumscripsisset
844 3900 970 3968 acholio
995 3899 1147 3966 Electrae
1166 3899 1260 3966 initio
1284 3899 1376 3966 huius

288 4005 403 4096 eapitis
427 4007 650 4091 cognovimus.
673 4009 883 4097 persequitur
905 4009 938 4074 in
961 4009 1021 4075 hac
1044 4029 1079 4076 re
1101 4008 1266 4096 Didymus
1293 4009 1375 4076 rien

288 4115 397 4182 multis
418 4123 548 4182 uostme
570 4117 685 4184 aetatis
708 4117 828 4184 criticis
848 4140 983 4206 prorsus
1015 4117 1220 4200 contrariam,
1257 4119 1375 4208 qnippe

288 4225 343 4310 qui
366 4225 437 4292 iure
453 4223 627 4304 interdum,
648 4225 844 4313 plerumque
859 4225 929 4293 sine
940 4225 1067 4294 idoneis
1080 4227 1184 4295 causis
1197 4227 1376 4314 tragoedias

288 4355 354 4399 non
379 4335 474 4402 aliter
493 4355 531 4400 ao
561 4333 746 4401 comoedias
777 4333 818 4400 ad
843 4333 972 4402 illorum
997 4345 1179 4424 temporum
1203 4335 1377 4407 muriam.
