<?xml version="1.0" encoding="UTF-8"?>
<!DOCTYPE html PUBLIC "-//W3C//DTD XHTML 1.0 Transitional//EN"
    "http://www.w3.org/TR/xhtml1/DTD/xhtml1-transitional.dtd">
<html xmlns="http://www.w3.org/1999/xhtml" xml:lang="en" lang="en">
 <head>
  <title>
</title>
<meta http-equiv="Content-Type" content="text/html;charset=utf-8" />
  <meta name='ocr-system' content='tesseract 3.04.00' />
  <meta name='ocr-capabilities' content='ocr_page ocr_carea ocr_par ocr_line ocrx_word'/>
</head>
<body>
  <div class='ocr_page' id='page_1' title='image "./grammaticorumgr00trengoog_0074.png"; bbox 0 0 3020 5020; ppageno 0'>
   <div class='ocr_carea' id='block_1_1' title="bbox 656 367 697 436">
    <p class='ocr_par' dir='ltr' id='par_1_1' title="bbox 656 367 697 436">
     <span class='ocr_line' id='line_1_1' title="bbox 656 367 697 436; baseline 0.049 -2"><span class='ocrx_word' id='word_1_1' title='bbox 656 367 697 436; x_wconf 78' lang='lat'><strong>65</strong></span> 
     </span>
    </p>
   </div>
   <div class='ocr_carea' id='block_1_2' title="bbox 124 541 1307 4338">
    <p class='ocr_par' dir='ltr' id='par_1_2' title="bbox 127 541 1223 1046">
     <span class='ocr_line' id='line_1_2' title="bbox 129 541 1221 634; baseline -0.001 -22"><span class='ocrx_word' id='word_1_2' title='bbox 129 545 248 632; x_wconf 90' lang='lat' dir='ltr'><strong>quibus</strong></span> <span class='ocrx_word' id='word_1_3' title='bbox 280 545 314 609; x_wconf 93' lang='lat' dir='ltr'><strong>in</strong></span> <span class='ocrx_word' id='word_1_4' title='bbox 348 563 500 610; x_wconf 80' lang='lat' dir='ltr'><strong>scaenam</strong></span> <span class='ocrx_word' id='word_1_5' title='bbox 531 541 648 607; x_wconf 89' lang='lat' dir='ltr'><strong>missae</strong></span> <span class='ocrx_word' id='word_1_6' title='bbox 670 541 744 625; x_wconf 88' lang='lat' dir='ltr'><strong>sint,</strong></span> <span class='ocrx_word' id='word_1_7' title='bbox 773 543 967 612; x_wconf 87' lang='lat' dir='ltr'><strong>referendas</strong></span> <span class='ocrx_word' id='word_1_8' title='bbox 999 569 1069 612; x_wconf 88' lang='lat' dir='ltr'><strong>esse</strong></span> <span class='ocrx_word' id='word_1_9' title='bbox 1096 554 1221 634; x_wconf 89' lang='lat' dir='ltr'><strong>putent.</strong></span> 
     </span>
     <span class='ocr_line' id='line_1_3' title="bbox 127 650 1222 744; baseline 0.003 -26"><span class='ocrx_word' id='word_1_10' title='bbox 127 654 191 720; x_wconf 91' lang='lat' dir='ltr'><strong>hoc</strong></span> <span class='ocrx_word' id='word_1_11' title='bbox 213 653 365 733; x_wconf 90' lang='lat' dir='ltr'><strong>studium,</strong></span> <span class='ocrx_word' id='word_1_12' title='bbox 390 653 443 717; x_wconf 90' lang='lat' dir='ltr'><strong>eui</strong></span> <span class='ocrx_word' id='word_1_13' title='bbox 466 652 498 716; x_wconf 91' lang='lat' dir='ltr'><strong>in</strong></span> <span class='ocrx_word' id='word_1_14' title='bbox 524 650 730 739; x_wconf 83' lang='lat' dir='ltr'><strong>explicandis</strong></span> <span class='ocrx_word' id='word_1_15' title='bbox 754 651 921 739; x_wconf 86' lang='lat' dir='ltr'>Euripidis</span> <span class='ocrx_word' id='word_1_16' title='bbox 944 655 1063 732; x_wconf 87' lang='lat' dir='ltr'><strong>fabulis</strong></span> <span class='ocrx_word' id='word_1_17' title='bbox 1085 655 1148 744; x_wconf 92' lang='lat' dir='ltr'><strong>ipsi</strong></span> <span class='ocrx_word' id='word_1_18' title='bbox 1170 677 1222 721; x_wconf 85' lang='lat' dir='ltr'><strong>ve·</strong></span> 
     </span>
     <span class='ocr_line' id='line_1_4' title="bbox 127 760 1223 850; baseline 0.002 -23"><span class='ocrx_word' id='word_1_19' title='bbox 127 773 216 830; x_wconf 89' lang='lat' dir='ltr'><strong>teres</strong></span> <span class='ocrx_word' id='word_1_20' title='bbox 239 763 435 849; x_wconf 81' lang='lat' dir='ltr'><strong>interpretes</strong></span> <span class='ocrx_word' id='word_1_21' title='bbox 463 760 628 850; x_wconf 85' lang='lat' dir='ltr'><strong>interdum</strong></span> <span class='ocrx_word' id='word_1_22' title='bbox 653 783 720 826; x_wconf 89' lang='lat' dir='ltr'><strong>non</strong></span> <span class='ocrx_word' id='word_1_23' title='bbox 743 770 920 849; x_wconf 89' lang='lat' dir='ltr'><strong>potuerunt</strong></span> <span class='ocrx_word' id='word_1_24' title='bbox 945 785 1010 830; x_wconf 91' lang='lat' dir='ltr'><strong>non</strong></span> <span class='ocrx_word' id='word_1_25' title='bbox 1035 764 1223 850; x_wconf 88' lang='lat' dir='ltr'><strong>indulgere,</strong></span> 
     </span>
     <span class='ocr_line' id='line_1_5' title="bbox 127 869 1221 958; baseline 0 -22"><span class='ocrx_word' id='word_1_26' title='bbox 127 871 285 937; x_wconf 87' lang='lat' dir='ltr'><strong>defensor</strong></span> <span class='ocrx_word' id='word_1_27' title='bbox 307 880 417 936; x_wconf 89' lang='lat' dir='ltr'><strong>noster</strong></span> <span class='ocrx_word' id='word_1_28' title='bbox 439 869 597 937; x_wconf 88' lang='lat' dir='ltr'><strong>vocabulo</strong></span> <span class='ocrx_word' id='word_1_29' title='bbox 619 876 920 958; x_wconf 86' lang='grc' dir='ltr'><em>κατασνκοφαντεῖν</em></span> <span class='ocrx_word' id='word_1_30' title='bbox 941 882 1041 938; x_wconf 90' lang='lat' dir='ltr'><strong>notat.</strong></span> <span class='ocrx_word' id='word_1_31' title='bbox 1065 895 1106 938; x_wconf 91' lang='lat' dir='ltr'><strong>en</strong></span> <span class='ocrx_word' id='word_1_32' title='bbox 1131 872 1221 938; x_wconf 90' lang='lat' dir='ltr'><strong>testi-</strong></span> 
     </span>
     <span class='ocr_line' id='line_1_6' title="bbox 127 967 1148 1046; baseline 0.001 -1"><span class='ocrx_word' id='word_1_33' title='bbox 127 980 253 1046; x_wconf 88' lang='lat' dir='ltr'><strong>monia:</strong></span> <span class='ocrx_word' id='word_1_34' title='bbox 1145 967 1148 973; x_wconf 38' lang='lat'><em>¹</em></span> 
     </span>
    </p>

    <p class='ocr_par' dir='ltr' id='par_1_3' title="bbox 126 1079 1224 1505">
     <span class='ocr_line' id='line_1_7' title="bbox 230 1079 1223 1177; baseline 0.002 -23"><span class='ocrx_word' id='word_1_35' title='bbox 230 1089 331 1155; x_wconf 89' lang='lat' dir='ltr'><strong>schol.</strong></span> <span class='ocrx_word' id='word_1_36' title='bbox 353 1089 436 1154; x_wconf 84' lang='lat' dir='ltr'><strong>Hoc.</strong></span> <span class='ocrx_word' id='word_1_37' title='bbox 461 1087 523 1154; x_wconf 79' lang='grc'><strong>254</strong></span> <span class='ocrx_word' id='word_1_38' title='bbox 555 1079 729 1173; x_wconf 73' lang='grc' dir='ltr'><em>ἀχάριστον</em></span> <span class='ocrx_word' id='word_1_39' title='bbox 757 1085 849 1174; x_wconf 77' lang='grc' dir='ltr'><em>ὑμῶν</em></span> <span class='ocrx_word' id='word_1_40' title='bbox 878 1088 1007 1175; x_wconf 79' lang='grc' dir='ltr'><em>σπέρμ’,</em></span> <span class='ocrx_word' id='word_1_41' title='bbox 1030 1086 1103 1156; x_wconf 79' lang='grc' dir='ltr'><em>ὅσοι</em></span> <span class='ocrx_word' id='word_1_42' title='bbox 1125 1090 1223 1177; x_wconf 82' lang='grc' dir='ltr'><strong><em>δημη-</em></strong></span> 
     </span>
     <span class='ocr_line' id='line_1_8' title="bbox 128 1192 1224 1286; baseline 0 -20"><span class='ocrx_word' id='word_1_43' title='bbox 128 1195 248 1286; x_wconf 84' lang='grc' dir='ltr'><em>γόρους</em></span> <span class='ocrx_word' id='word_1_44' title='bbox 272 1197 403 1284; x_wconf 79' lang='grc' dir='ltr'><strong><em>ζηλοῦτε</em></strong></span> <span class='ocrx_word' id='word_1_45' title='bbox 421 1193 534 1282; x_wconf 74' lang='grc' dir='ltr'><em>τιμάςε</em></span> <span class='ocrx_word' id='word_1_46' title='bbox 566 1201 671 1263; x_wconf 79' lang='grc' dir='ltr'><em>ταῦτα</em></span> <span class='ocrx_word' id='word_1_47' title='bbox 696 1195 743 1277; x_wconf 81' lang='grc' dir='ltr'><strong>εἰς</strong></span> <span class='ocrx_word' id='word_1_48' title='bbox 765 1195 823 1285; x_wconf 78' lang='grc' dir='ltr'><strong>τὴν</strong></span> <span class='ocrx_word' id='word_1_49' title='bbox 844 1202 913 1264; x_wconf 87' lang='grc' dir='ltr'><em>κατ’</em></span> <span class='ocrx_word' id='word_1_50' title='bbox 935 1192 1034 1266; x_wconf 74' lang='grc' dir='ltr'><em>αὐτὸν</em></span> <span class='ocrx_word' id='word_1_51' title='bbox 1055 1200 1224 1267; x_wconf 78' lang='grc' dir='ltr'><strong><em>πολιτείαν</em></strong></span> 
     </span>
     <span class='ocr_line' id='line_1_9' title="bbox 126 1298 1221 1394; baseline 0.002 -20"><span class='ocrx_word' id='word_1_52' title='bbox 126 1308 222 1394; x_wconf 85' lang='grc' dir='ltr'><em>λε’γει.</em></span> <span class='ocrx_word' id='word_1_53' title='bbox 264 1307 318 1374; x_wconf 83' lang='grc' dir='ltr'><strong>καὶ</strong></span> <span class='ocrx_word' id='word_1_54' title='bbox 347 1304 418 1374; x_wconf 76' lang='grc' dir='ltr'><em>ἔστι</em></span> <span class='ocrx_word' id='word_1_55' title='bbox 444 1309 596 1386; x_wconf 79' lang='grc' dir='ltr'><em>τοιοῦτος</em></span> <span class='ocrx_word' id='word_1_56' title='bbox 619 1303 636 1373; x_wconf 85' lang='grc' dir='ltr'><em>ά</em></span> <span class='ocrx_word' id='word_1_57' title='bbox 658 1298 837 1393; x_wconf 71' lang='grc' dir='ltr'><em>Εὐριπίδης</em></span> <span class='ocrx_word' id='word_1_58' title='bbox 865 1304 1058 1394; x_wconf 76' lang='grc' dir='ltr'><em>περιόπτων</em></span> <span class='ocrx_word' id='word_1_59' title='bbox 1082 1304 1122 1375; x_wconf 89' lang='grc' dir='ltr'><strong>τά</strong></span> <span class='ocrx_word' id='word_1_60' title='bbox 1145 1311 1221 1376; x_wconf 71' lang='grc' dir='ltr'><strong>καθ’</strong></span> 
     </span>
     <span class='ocr_line' id='line_1_10' title="bbox 127 1412 966 1505; baseline -0.007 -17"><span class='ocrx_word' id='word_1_61' title='bbox 127 1414 245 1488; x_wconf 74' lang='grc' dir='ltr'><em>ἑαυτὸν</em></span> <span class='ocrx_word' id='word_1_62' title='bbox 266 1423 337 1496; x_wconf 87' lang='grc' dir='ltr'><em>τοῖς</em></span> <span class='ocrx_word' id='word_1_63' title='bbox 358 1412 461 1505; x_wconf 76' lang='grc' dir='ltr'><em>ἥρωσι</em></span> <span class='ocrx_word' id='word_1_64' title='bbox 484 1417 538 1483; x_wconf 83' lang='grc' dir='ltr'><strong>καὶ</strong></span> <span class='ocrx_word' id='word_1_65' title='bbox 557 1413 634 1496; x_wconf 71' lang='grc' dir='ltr'><em>τοὺς</em></span> <span class='ocrx_word' id='word_1_66' title='bbox 654 1414 791 1504; x_wconf 84' lang='grc' dir='ltr'><em>χρόνους</em></span> <span class='ocrx_word' id='word_1_67' title='bbox 815 1417 966 1505; x_wconf 75' lang='grc' dir='ltr'><em>συγχέων.</em></span> 
     </span>
    </p>

    <p class='ocr_par' dir='ltr' id='par_1_4' title="bbox 125 1518 1253 2050">
     <span class='ocr_line' id='line_1_11' title="bbox 228 1518 1223 1613; baseline 0.002 -21"><span class='ocrx_word' id='word_1_68' title='bbox 228 1527 330 1592; x_wconf 90' lang='lat' dir='ltr'><strong>schol.</strong></span> <span class='ocrx_word' id='word_1_69' title='bbox 354 1527 437 1592; x_wconf 87' lang='lat' dir='ltr'><strong>Hec.</strong></span> <span class='ocrx_word' id='word_1_70' title='bbox 459 1527 521 1592; x_wconf 78' lang='lat'><strong>953</strong></span> <span class='ocrx_word' id='word_1_71' title='bbox 545 1518 654 1612; x_wconf 87' lang='grc' dir='ltr'><em>άνάγει</em></span> <span class='ocrx_word' id='word_1_72' title='bbox 675 1525 711 1593; x_wconf 75' lang='grc' dir='ltr'><strong>δὲ</strong></span> <span class='ocrx_word' id='word_1_73' title='bbox 732 1522 810 1606; x_wconf 79' lang='grc' dir='ltr'><strong>τούς</strong></span> <span class='ocrx_word' id='word_1_74' title='bbox 828 1521 978 1611; x_wconf 83' lang='grc' dir='ltr'><em>χρόνους·</em></span> <span class='ocrx_word' id='word_1_75' title='bbox 1008 1527 1085 1613; x_wconf 85' lang='grc' dir='ltr'><em>περὶ</em></span> <span class='ocrx_word' id='word_1_76' title='bbox 1107 1524 1223 1594; x_wconf 76' lang='grc' dir='ltr'><em>ἑαυτοῦ</em></span> 
     </span>
     <span class='ocr_line' id='line_1_12' title="bbox 126 1627 1225 1722; baseline 0 -20"><span class='ocrx_word' id='word_1_77' title='bbox 126 1631 186 1722; x_wconf 84' lang='grc' dir='ltr'><strong>γάρ</strong></span> <span class='ocrx_word' id='word_1_78' title='bbox 208 1631 361 1719; x_wconf 80' lang='grc' dir='ltr'><em>βούλεται</em></span> <span class='ocrx_word' id='word_1_79' title='bbox 381 1633 569 1717; x_wconf 76' lang='grc' dir='ltr'><em>αἰνίξασθαι</em></span> <span class='ocrx_word' id='word_1_80' title='bbox 592 1631 610 1701; x_wconf 83' lang='grc' dir='ltr'>ὁ</span> <span class='ocrx_word' id='word_1_81' title='bbox 622 1627 810 1722; x_wconf 68' lang='grc' dir='ltr'><em>Εὐριπίδης.</em></span> <span class='ocrx_word' id='word_1_82' title='bbox 834 1637 987 1712; x_wconf 80' lang='grc' dir='ltr'><em>τοιοῦτος</em></span> <span class='ocrx_word' id='word_1_83' title='bbox 1008 1634 1044 1701; x_wconf 84' lang='lat' dir='ltr'><strong>de‘</strong></span> <span class='ocrx_word' id='word_1_84' title='bbox 1065 1635 1151 1702; x_wconf 78' lang='grc' dir='ltr'><em>ἐστιν</em></span> <span class='ocrx_word' id='word_1_85' title='bbox 1173 1629 1225 1702; x_wconf 81' lang='lat' dir='ltr'><strong>ciel</strong></span> 
     </span>
     <span class='ocr_line' id='line_1_13' title="bbox 125 1738 1224 1832; baseline 0.001 -22"><span class='ocrx_word' id='word_1_86' title='bbox 125 1739 169 1810; x_wconf 79' lang='grc' dir='ltr'><strong>τά</strong></span> <span class='ocrx_word' id='word_1_87' title='bbox 191 1738 318 1830; x_wconf 83' lang='grc' dir='ltr'><em>ἡρωῖιιά</em></span> <span class='ocrx_word' id='word_1_88' title='bbox 336 1738 506 1829; x_wconf 88' lang='grc' dir='ltr'><em>πρόσωπα</em></span> <span class='ocrx_word' id='word_1_89' title='bbox 527 1738 665 1828; x_wconf 76' lang='grc' dir='ltr'><em>εἰσάγων</em></span> <span class='ocrx_word' id='word_1_90' title='bbox 680 1744 939 1832; x_wconf 74' lang='grc' dir='ltr'><em>φιλοσοφοῦντα.</em></span> <span class='ocrx_word' id='word_1_91' title='bbox 961 1743 1224 1827; x_wconf 86' lang='lat' dir='ltr'><strong>animadverten-</strong></span> 
     </span>
     <span class='ocr_line' id='line_1_14' title="bbox 127 1844 1253 1941; baseline -0.002 -21"><span class='ocrx_word' id='word_1_92' title='bbox 127 1855 207 1920; x_wconf 90' lang='lat' dir='ltr'><strong>dum</strong></span> <span class='ocrx_word' id='word_1_93' title='bbox 240 1851 272 1918; x_wconf 92' lang='lat' dir='ltr'><strong>in</strong></span> <span class='ocrx_word' id='word_1_94' title='bbox 307 1853 357 1917; x_wconf 90' lang='lat' dir='ltr'><strong>his</strong></span> <span class='ocrx_word' id='word_1_95' title='bbox 383 1852 587 1936; x_wconf 78' lang='lat' dir='ltr'>Didymeum</span> <span class='ocrx_word' id='word_1_96' title='bbox 622 1851 704 1917; x_wconf 93' lang='lat' dir='ltr'><strong>illud</strong></span> <span class='ocrx_word' id='word_1_97' title='bbox 738 1847 887 1931; x_wconf 75' lang='grc' dir='ltr'><em>τοιοῦτός</em></span> <span class='ocrx_word' id='word_1_98' title='bbox 918 1851 1005 1918; x_wconf 79' lang='grc' dir='ltr'><em>ἐστιν</em></span> <span class='ocrx_word' id='word_1_99' title='bbox 1033 1844 1222 1941; x_wconf 75' lang='grc' dir='ltr'><em>Εὐριπίδης,</em></span> <span class='ocrx_word' id='word_1_100' title='bbox 1250 1887 1253 1892; x_wconf 91' lang='grc'><em>·</em></span> 
     </span>
     <span class='ocr_line' id='line_1_15' title="bbox 129 1955 956 2050; baseline -0.011 -22"><span class='ocrx_word' id='word_1_101' title='bbox 129 1962 217 2050; x_wconf 88' lang='lat' dir='ltr'><strong>qnod</strong></span> <span class='ocrx_word' id='word_1_102' title='bbox 241 1961 336 2026; x_wconf 88' lang='lat' dir='ltr'><strong>etism</strong></span> <span class='ocrx_word' id='word_1_103' title='bbox 357 1959 391 2026; x_wconf 94' lang='lat' dir='ltr'><strong>in</strong></span> <span class='ocrx_word' id='word_1_104' title='bbox 414 1960 515 2025; x_wconf 91' lang='lat' dir='ltr'><strong>schol.</strong></span> <span class='ocrx_word' id='word_1_105' title='bbox 532 1955 634 2048; x_wconf 85' lang='lat' dir='ltr'><strong>Soph.</strong></span> <span class='ocrx_word' id='word_1_106' title='bbox 658 1959 729 2027; x_wconf 80' lang='lat'><strong>00.</strong></span> <span class='ocrx_word' id='word_1_107' title='bbox 741 1959 803 2024; x_wconf 88' lang='grc'><strong>220</strong></span> <span class='ocrx_word' id='word_1_108' title='bbox 824 1961 956 2045; x_wconf 83' lang='lat' dir='ltr'><strong>legitur.</strong></span> 
     </span>
    </p>

    <p class='ocr_par' dir='ltr' id='par_1_5' title="bbox 124 2064 1307 4338">
     <span class='ocr_line' id='line_1_16' title="bbox 230 2064 1224 2156; baseline -0.001 -21"><span class='ocrx_word' id='word_1_109' title='bbox 230 2069 331 2135; x_wconf 88' lang='lat' dir='ltr'><strong>schol.</strong></span> <span class='ocrx_word' id='word_1_110' title='bbox 355 2067 461 2134; x_wconf 85' lang='lat' dir='ltr'><strong>Andr.</strong></span> <span class='ocrx_word' id='word_1_111' title='bbox 486 2069 558 2150; x_wconf 79' lang='lat'><strong>733,</strong></span> <span class='ocrx_word' id='word_1_112' title='bbox 579 2067 634 2133; x_wconf 91' lang='lat' dir='ltr'><strong>uhi</strong></span> <span class='ocrx_word' id='word_1_113' title='bbox 659 2069 828 2135; x_wconf 76' lang='lat' dir='ltr'><strong>Menelaus</strong></span> <span class='ocrx_word' id='word_1_114' title='bbox 851 2068 960 2134; x_wconf 87' lang='lat' dir='ltr'><strong>verbis</strong></span> <span class='ocrx_word' id='word_1_115' title='bbox 984 2064 1068 2136; x_wconf 71' lang='lat' dir='ltr'><strong>‘dovr</strong></span> <span class='ocrx_word' id='word_1_116' title='bbox 1089 2064 1151 2156; x_wconf 92' lang='grc' dir='ltr'><strong>γάρ</strong></span> <span class='ocrx_word' id='word_1_117' title='bbox 1174 2093 1224 2149; x_wconf 77' lang='grc' dir='ltr'><strong>τις</strong></span> 
     </span>
     <span class='ocr_line' id='line_1_17' title="bbox 127 2164 1225 2268; baseline -0.002 -21"><span class='ocrx_word' id='word_1_118' title='bbox 127 2171 168 2247; x_wconf 80' lang='lat' dir='ltr'><strong>ori</strong></span> <span class='ocrx_word' id='word_1_119' title='bbox 190 2173 308 2266; x_wconf 89' lang='grc' dir='ltr'><em>πρόσω</em></span> <span class='ocrx_word' id='word_1_120' title='bbox 328 2172 482 2262; x_wconf 77' lang='grc' dir='ltr'><em>Σπάρτης</em></span> <span class='ocrx_word' id='word_1_121' title='bbox 503 2170 602 2254; x_wconf 83' lang='grc' dir='ltr'><em>πόλις</em></span> <span class='ocrx_word' id='word_1_122' title='bbox 624 2199 682 2259; x_wconf 79' lang='grc' dir='ltr'><em>τις,</em></span> <span class='ocrx_word' id='word_1_123' title='bbox 705 2167 725 2263; x_wconf 75' lang='grc' dir='ltr'>ἢ</span> <span class='ocrx_word' id='word_1_124' title='bbox 749 2172 815 2260; x_wconf 85' lang='grc' dir='ltr'><strong>πρὸ</strong></span> <span class='ocrx_word' id='word_1_125' title='bbox 837 2181 896 2244; x_wconf 82' lang='grc' dir='ltr'><strong>τοῦ</strong></span> <span class='ocrx_word' id='word_1_126' title='bbox 915 2176 974 2262; x_wconf 70' lang='grc' dir='ltr'><strong>μὲν</strong></span> <span class='ocrx_word' id='word_1_127' title='bbox 997 2164 1037 2264; x_wconf 77' lang='grc' dir='ltr'><strong>ἦν</strong></span> <span class='ocrx_word' id='word_1_128' title='bbox 1058 2177 1148 2268; x_wconf 76' lang='grc' dir='ltr'><em>φίλη,</em></span> <span class='ocrx_word' id='word_1_129' title='bbox 1170 2182 1225 2245; x_wconf 80' lang='grc' dir='ltr'><strong>νῦν</strong></span> 
     </span>
     <span class='ocr_line' id='line_1_18' title="bbox 129 2271 1225 2375; baseline -0.001 -20"><span class='ocrx_word' id='word_1_130' title='bbox 129 2289 158 2355; x_wconf 88' lang='lat' dir='ltr'><strong>d’</strong></span> <span class='ocrx_word' id='word_1_131' title='bbox 183 2271 288 2375; x_wconf 55' lang='grc' dir='ltr'><em>ἐχθρά</em></span> <span class='ocrx_word' id='word_1_132' title='bbox 308 2277 416 2360; x_wconf 78' lang='grc' dir='ltr'><em>ποιεῖ’</em></span> <span class='ocrx_word' id='word_1_133' title='bbox 432 2295 548 2375; x_wconf 86' lang='lat' dir='ltr'><strong>aperte</strong></span> <span class='ocrx_word' id='word_1_134' title='bbox 568 2285 650 2350; x_wconf 91' lang='lat' dir='ltr'><strong>belli</strong></span> <span class='ocrx_word' id='word_1_135' title='bbox 671 2285 941 2374; x_wconf 81' lang='lat' dir='ltr'><strong>Peloponnesiaci</strong></span> <span class='ocrx_word' id='word_1_136' title='bbox 963 2298 1101 2354; x_wconf 88' lang='lat' dir='ltr'><strong>aetatem</strong></span> <span class='ocrx_word' id='word_1_137' title='bbox 1123 2290 1225 2375; x_wconf 91' lang='lat' dir='ltr'><strong>respi-</strong></span> 
     </span>
     <span class='ocr_line' id='line_1_19' title="bbox 127 2388 1261 2484; baseline -0.003 -20"><span class='ocrx_word' id='word_1_138' title='bbox 127 2399 184 2480; x_wconf 91' lang='lat' dir='ltr'><strong>cit,</strong></span> <span class='ocrx_word' id='word_1_139' title='bbox 208 2393 292 2463; x_wconf 72' lang='grc' dir='ltr'><em>ἔνιοί</em></span> <span class='ocrx_word' id='word_1_140' title='bbox 312 2418 395 2484; x_wconf 89' lang='grc' dir='ltr'><em>φασι</em></span> <span class='ocrx_word' id='word_1_141' title='bbox 415 2391 505 2479; x_wconf 88' lang='grc' dir='ltr'><em>παρά</em></span> <span class='ocrx_word' id='word_1_142' title='bbox 524 2391 605 2474; x_wconf 75' lang='grc' dir='ltr'><strong>τούς</strong></span> <span class='ocrx_word' id='word_1_143' title='bbox 626 2388 763 2481; x_wconf 85' lang='grc' dir='ltr'><em>χρόνους</em></span> <span class='ocrx_word' id='word_1_144' title='bbox 785 2392 989 2462; x_wconf 70' lang='grc' dir='ltr'><em>αἰνίττεσθαι</em></span> <span class='ocrx_word' id='word_1_145' title='bbox 1001 2391 1042 2461; x_wconf 86' lang='grc' dir='ltr'><strong>τά</strong></span> <span class='ocrx_word' id='word_1_146' title='bbox 1052 2398 1224 2463; x_wconf 88' lang='grc' dir='ltr'><em>Πελοπον-</em></span> <span class='ocrx_word' id='word_1_147' title='bbox 1258 2433 1261 2450; x_wconf 79' lang='lat'><em>=</em></span> 
     </span>
     <span class='ocr_line' id='line_1_20' title="bbox 128 2486 1226 2593; baseline -0.002 -21"><span class='ocrx_word' id='word_1_148' title='bbox 128 2500 273 2593; x_wconf 82' lang='grc' dir='ltr'><em>νησιακά.</em></span> <span class='ocrx_word' id='word_1_149' title='bbox 295 2495 354 2570; x_wconf 77' lang='lat' dir='ltr'><strong>oda</strong></span> <span class='ocrx_word' id='word_1_150' title='bbox 376 2494 548 2588; x_wconf 80' lang='grc' dir='ltr'><em>άναγκαῖον</em></span> <span class='ocrx_word' id='word_1_151' title='bbox 571 2502 607 2570; x_wconf 77' lang='lat' dir='ltr'><strong>dd</strong></span> <span class='ocrx_word' id='word_1_152' title='bbox 626 2508 1025 2592; x_wconf 84' lang='grc' dir='ltr'><em>κατασνκοφαντεῖν</em></span> <span class='ocrx_word' id='word_1_153' title='bbox 1045 2501 1103 2571; x_wconf 82' lang='grc' dir='ltr'><strong>τὸν</strong></span> <span class='ocrx_word' id='word_1_154' title='bbox 1123 2486 1226 2591; x_wconf 57' lang='grc' dir='ltr'><strong>Εάριὲ</strong></span> 
     </span>
     <span class='ocr_line' id='line_1_21' title="bbox 128 2605 1224 2702; baseline 0 -22"><span class='ocrx_word' id='word_1_155' title='bbox 128 2614 238 2701; x_wconf 74' lang='grc' dir='ltr'><em>πάλην,</em></span> <span class='ocrx_word' id='word_1_156' title='bbox 258 2605 338 2679; x_wconf 84' lang='grc' dir='ltr'><em>άλλὰ</em></span> <span class='ocrx_word' id='word_1_157' title='bbox 362 2608 504 2702; x_wconf 85' lang='grc' dir='ltr'><em>φάσκειν</em></span> <span class='ocrx_word' id='word_1_158' title='bbox 524 2606 692 2696; x_wconf 85' lang='grc' dir='ltr'><em>πλάσματι</em></span> <span class='ocrx_word' id='word_1_159' title='bbox 722 2614 914 2697; x_wconf 73' lang='grc' dir='ltr'><em>κεχρῆσθαι.</em></span> <span class='ocrx_word' id='word_1_160' title='bbox 960 2613 1018 2678; x_wconf 86' lang='lat' dir='ltr'><strong>cfr.</strong></span> <span class='ocrx_word' id='word_1_161' title='bbox 1040 2614 1083 2681; x_wconf 93' lang='lat' dir='ltr'><strong>ih.</strong></span> <span class='ocrx_word' id='word_1_162' title='bbox 1107 2639 1137 2682; x_wconf 85' lang='lat' dir='ltr'><strong>v.</strong></span> <span class='ocrx_word' id='word_1_163' title='bbox 1152 2615 1224 2680; x_wconf 82' lang='lat'>445.</span> 
     </span>
     <span class='ocr_line' id='line_1_22' title="bbox 130 2721 1225 2812; baseline 0.001 -22"><span class='ocrx_word' id='word_1_164' title='bbox 130 2723 210 2812; x_wconf 90' lang='lat' dir='ltr'><strong>quin</strong></span> <span class='ocrx_word' id='word_1_165' title='bbox 226 2724 280 2789; x_wconf 90' lang='lat' dir='ltr'><strong>hie</strong></span> <span class='ocrx_word' id='word_1_166' title='bbox 299 2724 453 2788; x_wconf 85' lang='lat' dir='ltr'><strong>defensor</strong></span> <span class='ocrx_word' id='word_1_167' title='bbox 470 2722 558 2787; x_wconf 90' lang='lat' dir='ltr'><strong>idem</strong></span> <span class='ocrx_word' id='word_1_168' title='bbox 580 2721 621 2786; x_wconf 90' lang='lat' dir='ltr'><strong>sit</strong></span> <span class='ocrx_word' id='word_1_169' title='bbox 642 2732 740 2810; x_wconf 88' lang='lat' dir='ltr'><strong>atque</strong></span> <span class='ocrx_word' id='word_1_170' title='bbox 762 2721 819 2786; x_wconf 93' lang='lat' dir='ltr'><strong>ille</strong></span> <span class='ocrx_word' id='word_1_171' title='bbox 839 2721 1013 2808; x_wconf 80' lang='lat' dir='ltr'><strong>Sophoclis</strong></span> <span class='ocrx_word' id='word_1_172' title='bbox 1034 2729 1225 2809; x_wconf 83' lang='grc' dir='ltr'><em>κατηγορεῖν</em></span> 
     </span>
     <span class='ocr_line' id='line_1_23' title="bbox 124 2827 1224 2918; baseline 0.003 -19"><span class='ocrx_word' id='word_1_173' title='bbox 124 2827 247 2918; x_wconf 77' lang='grc' dir='ltr'><em>άνάρός</em></span> <span class='ocrx_word' id='word_1_174' title='bbox 269 2833 412 2900; x_wconf 82' lang='grc' dir='ltr'><em>παλαιοῦ</em></span> <span class='ocrx_word' id='word_1_175' title='bbox 435 2828 558 2915; x_wconf 86' lang='lat' dir='ltr'><strong>vetans,</strong></span> <span class='ocrx_word' id='word_1_176' title='bbox 587 2854 629 2897; x_wconf 84' lang='lat' dir='ltr'><strong>ex</strong></span> <span class='ocrx_word' id='word_1_177' title='bbox 659 2841 726 2914; x_wconf 81' lang='lat' dir='ltr'><strong>tota</strong></span> <span class='ocrx_word' id='word_1_178' title='bbox 756 2831 985 2896; x_wconf 87' lang='lat' dir='ltr'><strong>defensionum</strong></span> <span class='ocrx_word' id='word_1_179' title='bbox 1012 2842 1129 2898; x_wconf 87' lang='lat' dir='ltr'><strong>natura</strong></span> <span class='ocrx_word' id='word_1_180' title='bbox 1158 2857 1224 2902; x_wconf 92' lang='lat' dir='ltr'><strong>non</strong></span> 
     </span>
     <span class='ocr_line' id='line_1_24' title="bbox 132 2939 1224 3028; baseline 0.003 -20"><span class='ocrx_word' id='word_1_181' title='bbox 132 2952 182 3008; x_wconf 87' lang='lat' dir='ltr'><strong>est</strong></span> <span class='ocrx_word' id='word_1_182' title='bbox 206 2940 427 3008; x_wconf 86' lang='lat' dir='ltr'><strong>dubitandum.</strong></span> <span class='ocrx_word' id='word_1_183' title='bbox 452 2952 485 3007; x_wconf 90' lang='lat' dir='ltr'><strong>et</strong></span> <span class='ocrx_word' id='word_1_184' title='bbox 507 2940 659 3028; x_wconf 85' lang='lat' dir='ltr'><strong>quoniam</strong></span> <span class='ocrx_word' id='word_1_185' title='bbox 684 2939 775 3006; x_wconf 88' lang='lat' dir='ltr'><strong>felici</strong></span> <span class='ocrx_word' id='word_1_186' title='bbox 796 2963 872 3005; x_wconf 85' lang='lat' dir='ltr'><strong>casu</strong></span> <span class='ocrx_word' id='word_1_187' title='bbox 895 2940 1017 3006; x_wconf 81' lang='lat' dir='ltr'><strong>factum</strong></span> <span class='ocrx_word' id='word_1_188' title='bbox 1041 2952 1100 3026; x_wconf 85' lang='lat' dir='ltr'><strong>est,</strong></span> <span class='ocrx_word' id='word_1_189' title='bbox 1122 2953 1158 3008; x_wconf 91' lang='lat' dir='ltr'><strong>ut</strong></span> <span class='ocrx_word' id='word_1_190' title='bbox 1181 2967 1224 3011; x_wconf 88' lang='lat' dir='ltr'><strong>ex</strong></span> 
     </span>
     <span class='ocr_line' id='line_1_25' title="bbox 130 3047 1231 3141; baseline 0.002 -25"><span class='ocrx_word' id='word_1_191' title='bbox 130 3051 181 3116; x_wconf 93' lang='lat' dir='ltr'><strong>his</strong></span> <span class='ocrx_word' id='word_1_192' title='bbox 202 3049 328 3116; x_wconf 89' lang='lat' dir='ltr'><strong>duobus</strong></span> <span class='ocrx_word' id='word_1_193' title='bbox 350 3049 481 3116; x_wconf 87' lang='lat' dir='ltr'><strong>scholiis</strong></span> <span class='ocrx_word' id='word_1_194' title='bbox 505 3069 793 3135; x_wconf 79' lang='lat' dir='ltr'><strong>cognosceremus,</strong></span> <span class='ocrx_word' id='word_1_195' title='bbox 815 3069 889 3114; x_wconf 90' lang='lat' dir='ltr'><strong>eum</strong></span> <span class='ocrx_word' id='word_1_196' title='bbox 903 3047 1078 3135; x_wconf 83' lang='lat' dir='ltr'><strong>Sophoclis</strong></span> <span class='ocrx_word' id='word_1_197' title='bbox 1099 3052 1231 3141; x_wconf 90' lang='lat' dir='ltr'><strong>pariter-</strong></span> 
     </span>
     <span class='ocr_line' id='line_1_26' title="bbox 130 3157 1224 3248; baseline 0 -22"><span class='ocrx_word' id='word_1_198' title='bbox 130 3169 228 3246; x_wconf 87' lang='lat' dir='ltr'><strong>atque</strong></span> <span class='ocrx_word' id='word_1_199' title='bbox 239 3157 406 3246; x_wconf 82' lang='lat' dir='ltr'><strong>Euripidis</strong></span> <span class='ocrx_word' id='word_1_200' title='bbox 419 3159 525 3244; x_wconf 88' lang='lat' dir='ltr'><strong>gratia</strong></span> <span class='ocrx_word' id='word_1_201' title='bbox 536 3179 672 3225; x_wconf 90' lang='lat' dir='ltr'><strong>munere</strong></span> <span class='ocrx_word' id='word_1_202' title='bbox 696 3179 754 3223; x_wconf 89' lang='lat' dir='ltr'><strong>suo</strong></span> <span class='ocrx_word' id='word_1_203' title='bbox 779 3167 911 3224; x_wconf 89' lang='lat' dir='ltr'><strong>strenue</strong></span> <span class='ocrx_word' id='word_1_204' title='bbox 935 3159 1131 3248; x_wconf 82' lang='lat' dir='ltr'><strong>fortiterque</strong></span> <span class='ocrx_word' id='word_1_205' title='bbox 1152 3161 1224 3226; x_wconf 86' lang='lat' dir='ltr'><strong>fun·</strong></span> 
     </span>
     <span class='ocr_line' id='line_1_27' title="bbox 131 3266 1224 3356; baseline 0.002 -22"><span class='ocrx_word' id='word_1_206' title='bbox 131 3279 220 3334; x_wconf 90' lang='lat' dir='ltr'><strong>ctum</strong></span> <span class='ocrx_word' id='word_1_207' title='bbox 243 3289 325 3351; x_wconf 89' lang='lat' dir='ltr'><strong>esse,</strong></span> <span class='ocrx_word' id='word_1_208' title='bbox 345 3268 542 3334; x_wconf 80' lang='lat' dir='ltr'><strong>necessitate</strong></span> <span class='ocrx_word' id='word_1_209' title='bbox 566 3267 704 3353; x_wconf 88' lang='lat' dir='ltr'><strong>quadam</strong></span> <span class='ocrx_word' id='word_1_210' title='bbox 724 3267 765 3331; x_wconf 92' lang='lat' dir='ltr'><strong>ad</strong></span> <span class='ocrx_word' id='word_1_211' title='bbox 786 3266 1008 3334; x_wconf 89' lang='lat' dir='ltr'><strong>coniecturam</strong></span> <span class='ocrx_word' id='word_1_212' title='bbox 1032 3268 1224 3356; x_wconf 87' lang='lat' dir='ltr'><strong>deferimur,</strong></span> 
     </span>
     <span class='ocr_line' id='line_1_28' title="bbox 131 3365 1225 3465; baseline 0.004 -21"><span class='ocrx_word' id='word_1_213' title='bbox 131 3377 263 3444; x_wconf 93' lang='lat' dir='ltr'><strong>omnino</strong></span> <span class='ocrx_word' id='word_1_214' title='bbox 286 3399 386 3445; x_wconf 87' lang='lat' dir='ltr'><strong>unum</strong></span> <span class='ocrx_word' id='word_1_215' title='bbox 410 3377 617 3464; x_wconf 90' lang='lat' dir='ltr'><strong>eundemque</strong></span> <span class='ocrx_word' id='word_1_216' title='bbox 639 3376 752 3461; x_wconf 84' lang='lat' dir='ltr'><strong>fuisse,</strong></span> <span class='ocrx_word' id='word_1_217' title='bbox 773 3376 827 3462; x_wconf 88' lang='lat' dir='ltr'><strong>qui</strong></span> <span class='ocrx_word' id='word_1_218' title='bbox 848 3399 908 3464; x_wconf 90' lang='lat' dir='ltr'><strong>pro</strong></span> <span class='ocrx_word' id='word_1_219' title='bbox 924 3377 1018 3443; x_wconf 77' lang='lat' dir='ltr'><strong>¹virili</strong></span> <span class='ocrx_word' id='word_1_220' title='bbox 1031 3365 1131 3465; x_wconf 65' lang='lat' dir='ltr'><strong>&#39;parte</strong></span> <span class='ocrx_word' id='word_1_221' title='bbox 1155 3405 1225 3448; x_wconf 86' lang='lat' dir='ltr'><strong>can·</strong></span> 
     </span>
     <span class='ocr_line' id='line_1_29' title="bbox 131 3485 1226 3578; baseline 0.001 -25"><span class='ocrx_word' id='word_1_222' title='bbox 131 3509 200 3554; x_wconf 89' lang='lat' dir='ltr'><strong>sam</strong></span> <span class='ocrx_word' id='word_1_223' title='bbox 221 3495 336 3571; x_wconf 87' lang='lat' dir='ltr'><strong>ageret</strong></span> <span class='ocrx_word' id='word_1_224' title='bbox 356 3509 415 3575; x_wconf 93' lang='lat' dir='ltr'><strong>pro</strong></span> <span class='ocrx_word' id='word_1_225' title='bbox 438 3486 577 3574; x_wconf 87' lang='lat' dir='ltr'><strong>culpatis</strong></span> <span class='ocrx_word' id='word_1_226' title='bbox 597 3485 759 3552; x_wconf 86' lang='lat' dir='ltr'><strong>immerito</strong></span> <span class='ocrx_word' id='word_1_227' title='bbox 772 3486 888 3573; x_wconf 89' lang='lat' dir='ltr'><strong>poetis.</strong></span> <span class='ocrx_word' id='word_1_228' title='bbox 909 3508 1005 3572; x_wconf 88' lang='lat' dir='ltr'><strong>quam</strong></span> <span class='ocrx_word' id='word_1_229' title='bbox 1028 3509 1139 3553; x_wconf 87' lang='lat' dir='ltr'><strong>omnes</strong></span> <span class='ocrx_word' id='word_1_230' title='bbox 1162 3491 1226 3578; x_wconf 91' lang='lat' dir='ltr'><strong>spi·</strong></span> 
     </span>
     <span class='ocr_line' id='line_1_30' title="bbox 130 3595 1226 3680; baseline 0.004 -20"><span class='ocrx_word' id='word_1_231' title='bbox 130 3605 206 3662; x_wconf 90' lang='lat' dir='ltr'><strong>rant</strong></span> <span class='ocrx_word' id='word_1_232' title='bbox 228 3596 289 3660; x_wconf 87' lang='lat' dir='ltr'><strong>hac</strong></span> <span class='ocrx_word' id='word_1_233' title='bbox 309 3595 552 3662; x_wconf 85' lang='lat' dir='ltr'><strong>observationes</strong></span> <span class='ocrx_word' id='word_1_234' title='bbox 577 3595 768 3670; x_wconf 84' lang='lat' dir='ltr'><strong>doctrinam,</strong></span> <span class='ocrx_word' id='word_1_235' title='bbox 793 3617 831 3660; x_wconf 92' lang='lat' dir='ltr'><strong>ea</strong></span> <span class='ocrx_word' id='word_1_236' title='bbox 858 3597 994 3680; x_wconf 80' lang='lat' dir='ltr'><strong>egregie</strong></span> <span class='ocrx_word' id='word_1_237' title='bbox 1017 3597 1092 3662; x_wconf 89' lang='lat' dir='ltr'><strong>huic</strong></span> <span class='ocrx_word' id='word_1_238' title='bbox 1114 3599 1226 3664; x_wconf 89' lang='lat' dir='ltr'><strong>conie-</strong></span> 
     </span>
     <span class='ocr_line' id='line_1_31' title="bbox 131 3704 1224 3795; baseline 0.004 -25"><span class='ocrx_word' id='word_1_239' title='bbox 131 3715 244 3771; x_wconf 87' lang='lat' dir='ltr'><strong>cturae</strong></span> <span class='ocrx_word' id='word_1_240' title='bbox 264 3706 363 3788; x_wconf 82' lang='lat' dir='ltr'><strong>favet,</strong></span> <span class='ocrx_word' id='word_1_241' title='bbox 387 3705 508 3795; x_wconf 91' lang='lat' dir='ltr'><strong>quippe</strong></span> <span class='ocrx_word' id='word_1_242' title='bbox 531 3704 704 3791; x_wconf 75' lang='lat' dir='ltr'><strong>inquibus</strong></span> <span class='ocrx_word' id='word_1_243' title='bbox 726 3705 817 3769; x_wconf 89' lang='lat' dir='ltr'><strong>nulla</strong></span> <span class='ocrx_word' id='word_1_244' title='bbox 839 3705 889 3788; x_wconf 91' lang='lat' dir='ltr'><strong>sit,</strong></span> <span class='ocrx_word' id='word_1_245' title='bbox 921 3728 1003 3794; x_wconf 89' lang='lat' dir='ltr'><strong>quae</strong></span> <span class='ocrx_word' id='word_1_246' title='bbox 1026 3709 1067 3772; x_wconf 85' lang='lat' dir='ltr'><strong>ab</strong></span> <span class='ocrx_word' id='word_1_247' title='bbox 1091 3717 1224 3774; x_wconf 89' lang='lat' dir='ltr'><strong>auctore</strong></span> 
     </span>
     <span class='ocr_line' id='line_1_32' title="bbox 130 3808 1301 3910; baseline 0.003 -32"><span class='ocrx_word' id='word_1_248' title='bbox 130 3813 305 3901; x_wconf 91' lang='lat' dir='ltr'><strong>prohibeat</strong></span> <span class='ocrx_word' id='word_1_249' title='bbox 325 3813 409 3880; x_wconf 90' lang='lat' dir='ltr'><strong>illud</strong></span> <span class='ocrx_word' id='word_1_250' title='bbox 426 3808 474 3878; x_wconf 87' lang='lat' dir='ltr'><strong>tut</strong></span> <span class='ocrx_word' id='word_1_251' title='bbox 492 3813 600 3880; x_wconf 88' lang='lat' dir='ltr'><strong>desint</strong></span> <span class='ocrx_word' id='word_1_252' title='bbox 613 3814 700 3880; x_wconf 88' lang='lat' dir='ltr'><strong>vires</strong></span> <span class='ocrx_word' id='word_1_253' title='bbox 724 3823 833 3880; x_wconf 65' lang='lat' dir='ltr'><strong>umen</strong></span> <span class='ocrx_word' id='word_1_254' title='bbox 854 3825 903 3880; x_wconf 90' lang='lat' dir='ltr'><strong>est</strong></span> <span class='ocrx_word' id='word_1_255' title='bbox 926 3815 1089 3882; x_wconf 88' lang='lat' dir='ltr'><strong>laudanda</strong></span> <span class='ocrx_word' id='word_1_256' title='bbox 1111 3818 1226 3882; x_wconf 85' lang='lat' dir='ltr'><strong>volun·</strong></span> <span class='ocrx_word' id='word_1_257' title='bbox 1296 3903 1301 3910; x_wconf 93' lang='lat'>.</span> 
     </span>
     <span class='ocr_line' id='line_1_33' title="bbox 131 3915 1224 4011; baseline 0.005 -24"><span class='ocrx_word' id='word_1_258' title='bbox 131 3915 202 3988; x_wconf 88' lang='lat' dir='ltr'><strong>tas&#39;.</strong></span> <span class='ocrx_word' id='word_1_259' title='bbox 224 3923 354 3988; x_wconf 89' lang='lat' dir='ltr'><strong>eum-in</strong></span> <span class='ocrx_word' id='word_1_260' title='bbox 374 3924 437 3990; x_wconf 90' lang='lat' dir='ltr'><strong>hoc</strong></span> <span class='ocrx_word' id='word_1_261' title='bbox 459 3932 628 4009; x_wconf 86' lang='lat' dir='ltr'><strong>poetarum</strong></span> <span class='ocrx_word' id='word_1_262' title='bbox 643 3932 753 3988; x_wconf 90' lang='lat' dir='ltr'><strong>tutore</strong></span> <span class='ocrx_word' id='word_1_263' title='bbox 765 3923 896 3989; x_wconf 90' lang='lat' dir='ltr'><strong>tertium</strong></span> <span class='ocrx_word' id='word_1_264' title='bbox 911 3922 1224 4011; x_wconf 86' lang='lat' dir='ltr'><strong>deprehenderimus</strong></span> 
     </span>
     <span class='ocr_line' id='line_1_34' title="bbox 130 4030 1307 4123; baseline 0.005 -27"><span class='ocrx_word' id='word_1_265' title='bbox 130 4031 392 4117; x_wconf 89' lang='lat' dir='ltr'><strong>grammaticum,</strong></span> <span class='ocrx_word' id='word_1_266' title='bbox 420 4031 478 4117; x_wconf 93' lang='lat' dir='ltr'><strong>qui</strong></span> <span class='ocrx_word' id='word_1_267' title='bbox 506 4031 720 4122; x_wconf 86' lang='lat' dir='ltr'><strong>explicandae</strong></span> <span class='ocrx_word' id='word_1_268' title='bbox 742 4030 802 4096; x_wconf 86' lang='lat' dir='ltr'><strong>arti</strong></span> <span class='ocrx_word' id='word_1_269' title='bbox 825 4042 995 4120; x_wconf 84' lang='lat' dir='ltr'><strong>poetarum</strong></span> <span class='ocrx_word' id='word_1_270' title='bbox 1018 4057 1036 4096; x_wconf 90' lang='lat' dir='ltr'><strong>a</strong></span> <span class='ocrx_word' id='word_1_271' title='bbox 1056 4035 1225 4123; x_wconf 87' lang='lat' dir='ltr'><strong>plerisque</strong></span> <span class='ocrx_word' id='word_1_272' title='bbox 1305 4043 1307 4052; x_wconf 78' lang='grc'>’</span> 
     </span>
     <span class='ocr_line' id='line_1_35' title="bbox 130 4139 1224 4228; baseline 0.004 -24"><span class='ocrx_word' id='word_1_273' title='bbox 130 4139 302 4223; x_wconf 88' lang='lat' dir='ltr'><strong>neglectae</strong></span> <span class='ocrx_word' id='word_1_274' title='bbox 324 4161 360 4204; x_wconf 87' lang='lat' dir='ltr'><strong>se</strong></span> <span class='ocrx_word' id='word_1_275' title='bbox 376 4140 567 4226; x_wconf 79' lang='lat' dir='ltr'><strong>applicaret,</strong></span> <span class='ocrx_word' id='word_1_276' title='bbox 589 4163 655 4206; x_wconf 91' lang='lat' dir='ltr'><strong>non</strong></span> <span class='ocrx_word' id='word_1_277' title='bbox 681 4141 721 4204; x_wconf 93' lang='lat' dir='ltr'><strong>ah</strong></span> <span class='ocrx_word' id='word_1_278' title='bbox 744 4161 782 4205; x_wconf 91' lang='lat' dir='ltr'><strong>re</strong></span> <span class='ocrx_word' id='word_1_279' title='bbox 804 4139 866 4204; x_wconf 89' lang='lat' dir='ltr'><strong>erit</strong></span> <span class='ocrx_word' id='word_1_280' title='bbox 890 4162 1060 4226; x_wconf 88' lang='lat' dir='ltr'><strong>quaerere,</strong></span> <span class='ocrx_word' id='word_1_281' title='bbox 1081 4164 1124 4208; x_wconf 81' lang='lat' dir='ltr'><strong>ex</strong></span> <span class='ocrx_word' id='word_1_282' title='bbox 1147 4164 1224 4228; x_wconf 86' lang='lat' dir='ltr'><strong>qua·</strong></span> 
     </span>
     <span class='ocr_line' id='line_1_36' title="bbox 130 4248 1224 4338; baseline -0.001 -22"><span class='ocrx_word' id='word_1_283' title='bbox 130 4271 208 4316; x_wconf 82' lang='lat' dir='ltr'><strong>nam</strong></span> <span class='ocrx_word' id='word_1_284' title='bbox 229 4248 432 4336; x_wconf 86' lang='lat' dir='ltr'><strong>potissimum</strong></span> <span class='ocrx_word' id='word_1_285' title='bbox 455 4272 564 4316; x_wconf 89' lang='lat' dir='ltr'><strong>rerum</strong></span> <span class='ocrx_word' id='word_1_286' title='bbox 587 4248 721 4314; x_wconf 91' lang='lat' dir='ltr'><strong>materia</strong></span> <span class='ocrx_word' id='word_1_287' title='bbox 738 4260 931 4334; x_wconf 85' lang='lat' dir='ltr'><strong>argumenta</strong></span> <span class='ocrx_word' id='word_1_288' title='bbox 944 4273 1002 4314; x_wconf 84' lang='lat' dir='ltr'><strong>sua</strong></span> <span class='ocrx_word' id='word_1_289' title='bbox 1014 4250 1224 4338; x_wconf 90' lang='lat' dir='ltr'><strong>deprompse-</strong></span> 
     </span>
    </p>
   </div>
   <div class='ocr_carea' id='block_1_3' title="bbox 131 4356 1225 4526">
    <p class='ocr_par' dir='ltr' id='par_1_6' title="bbox 131 4356 1225 4526">
     <span class='ocr_line' id='line_1_37' title="bbox 131 4356 1225 4464; baseline 0 -38"><span class='ocrx_word' id='word_1_290' title='bbox 131 4357 183 4426; x_wconf 84' lang='lat' dir='ltr'><strong>rit.</strong></span> <span class='ocrx_word' id='word_1_291' title='bbox 201 4357 467 4464; x_wconf 33' lang='lat' dir='ltr'><strong>praeter-scholia</strong></span> <span class='ocrx_word' id='word_1_292' title='bbox 477 4357 541 4425; x_wconf 83' lang='lat' dir='ltr'><strong>iam</strong></span> <span class='ocrx_word' id='word_1_293' title='bbox 555 4357 687 4425; x_wconf 89' lang='lat' dir='ltr'><strong>laudata</strong></span> <span class='ocrx_word' id='word_1_294' title='bbox 698 4357 739 4424; x_wconf 89' lang='lat' dir='ltr'><strong>ad</strong></span> <span class='ocrx_word' id='word_1_295' title='bbox 750 4356 845 4425; x_wconf 87' lang='lat' dir='ltr'><strong>Aiac.</strong></span> <span class='ocrx_word' id='word_1_296' title='bbox 856 4358 917 4423; x_wconf 83' lang='lat'><strong>815</strong></span> <span class='ocrx_word' id='word_1_297' title='bbox 928 4357 1090 4424; x_wconf 87' lang='lat' dir='ltr'><strong>Androm.</strong></span> <span class='ocrx_word' id='word_1_298' title='bbox 1102 4358 1153 4443; x_wconf 83' lang='lat'><strong>32,</strong></span> <span class='ocrx_word' id='word_1_299' title='bbox 1164 4359 1225 4426; x_wconf 81' lang='lat'><strong>733</strong></span> 
     </span>
     <span class='ocr_line' id='line_1_38' title="bbox 1030 4469 1048 4526; baseline 0 0"><span class='ocrx_word' id='word_1_300' title='bbox 1030 4469 1048 4526; x_wconf 71' lang='grc' dir='ltr'><strong>ὅ</strong></span> 
     </span>
    </p>
   </div>
   <div class='ocr_carea' id='block_1_4' title="bbox 0 0 1515 5020">
    <p class='ocr_par' dir='ltr' id='par_1_7' title="bbox 0 0 1515 5020">
     <span class='ocr_line' id='line_1_39' title="bbox 0 0 1515 5020; baseline 0 0"><span class='ocrx_word' id='word_1_301' title='bbox 0 0 1515 5020; x_wconf 95' lang='lat' dir='ltr'><strong> </strong></span> 
     </span>
    </p>
   </div>
  </div>
 </body>
</html>
