2994 5018
780 306 841 373 100

264 495 353 580 ζητεῖ
373 489 415 558 τοὶ
439 493 515 558 καθ’
538 489 667 575 ἕκαστα,
688 484 760 558 εἶτα
781 488 887 572 οὕτως
907 491 963 559 ἐπί
975 487 1034 578 τήν
1045 485 1235 577 ἀναζήτησιν
1247 484 1362 570 ἔξεισι,

262 597 564 686 μεταπεμψάμενος
584 597 661 682 τούς
672 601 811 681 πολίτας
820 601 872 690 (v.
885 600 975 688 144>,
994 601 1049 668 ἵνα
1068 601 1122 667 καὶ
1142 591 1278 688 ἀφορμή
1300 601 1363 686 τῆς

262 714 325 778 τοιῖ
346 714 450 796 χοροῦ
472 706 604 779 εἰσόδου
624 711 774 799 γένηται,
1075 739 1080 746 ·

270 837 273 844 “
343 821 387 886 ib.
414 821 475 886 144
495 817 623 908 πιθανή
645 816 664 908 ή
687 818 818 900 εῖσοδος
836 824 896 887 τοῦ
918 822 1034 906 χοροῦ.
1066 817 1274 887 σκέπτεσθαι
1294 812 1359 904 χᾶρ

232 929 344 1018 ὅφησὶ
362 930 432 995 δεῖν
453 925 537 1015 μετιί
560 933 623 997 τοῦ
643 924 750 1017 δήμου
771 929 938 1016 περὶτῶν
960 927 1142 1017 πρακτέων.

345 1037 399 1104 Αἰ.
426 1038 549 1104 134-
569 1033 697 1126 πιθανή
720 1036 756 1104 δέ
780 1038 835 1105 καὶ
863 1033 884 1125 ἡ
908 1031 1054 1118 εῖσοδος·
1086 1029 1233 1116 οῖκοόσας
1252 1033 1358 1124 χᾶρό

259 1138 429 1226 Ὀδυσσεδς
447 1143 539 1234 παρδ
561 1151 619 1234 τῆς
640 1146 785 1234 Ἀθηνᾶς
803 1149 854 1232 (v.
869 1148 909 1214 66
925 1144 996 1234 sq.)
1022 1143 1132 1230 ιδείξω
1159 1146 1196 1214 δέ
1226 1147 1282 1213 καί
1304 1145 1359 1214 σοί

258 1251 353 1343 τήνδε
375 1258 542 1343 περιφανῆ
564 1251 672 1340 νόσον,
694 1250 741 1334 ὦς
758 1257 864 1323 πᾶσιν
883 1247 1078 1342 Ἀργείοισιν
1093 1250 1226 1322 είσιδιδν
1239 1246 1359 1346 θροῇς’

259 1363 315 1428 καί
333 1356 456 1447 μαθων
484 1357 522 1428 τδ
552 1362 657 1450 σαφές
683 1357 849 1449 δεδήλωκε
874 1365 947 1441 τοῖς
962 1354 1123 1445 Ἀχαιοῖς·
1155 1356 1278 1449 ταύτης
1301 1347 1360 1430 σόν

214 1479 248 1530 10
258 1474 320 1559 τῆς
343 1468 453 1560 φήμης
474 1462 675 1550 οῖκυόσαντες
695 1467 727 1538 οῖ
739 1469 930 1555 Σαλαμίνιοι
948 1465 1198 1556 παραχεχόνασι,
1217 1469 1357 1557 μηδέπω

259 1580 329 1647 όπδ
350 1583 408 1668 υής
430 1572 561 1659 εόνοίας
584 1579 802 1664 πεπεισμένοι
823 1574 869 1659 οῖς
890 1571 993 1660 ου’τδς
1013 1573 1064 1665 είη
1084 1574 1102 1645 ό
1126 1573 1262 1664 πράξας,
1283 1571 1356 1648 ἄλλ’

258 1683 482 1769 α’πιστοῦντες
503 1684 548 1768 κός
573 1683 643 1755 όπδ
666 1688 794 1774 ἐχθροῦ
814 1683 1012 1756 πεπλάσθαι
1032 1683 1187 1774 οἰόμενοι.

148 1781 151 1790 ¹
343 1797 495 1866 00.111
523 1793 586 1884 τήν
610 1787 792 1884 εἰσαγωγήν
816 1799 880 1864 τοῦ
909 1800 1009 1884 χοροῦ
1036 1789 1239 1887 εδαφόρμως
1263 1795 1357 1864 θέλει

257 1902 478 1995 ποιήσασθαι.

212 2019 246 2074 15
341 2017 490 2086 Ai.1402
512 2013 640 2104 πιθανὴ
659 2011 686 2102 ἡ
704 2012 819 2099 ἔξοδος
835 2015 891 2083 διδ
909 2011 971 2104 τήν
986 2011 1138 2102 σπουδήν
1157 2018 1219 2104 τῆς
1238 2017 1356 2104 ταφῆς·

257 2125 362 2208 πολύς
383 2114 440 2194 οόν
461 2117 524 2215 ἤδη
545 2121 672 2214 χρόνος,
692 2118 748 2214 ἀφ’
764 2111 807 2192 οό
826 2120 1053 2213 τετελεύτηκεν
1071 2119 1197 2205 ’όΑῖας
1217 2122 1273 2191 καί
1294 2113 1356 2212 ἢδη

256 2238 309 2304 δεῖ
330 2232 429 2304 αὐτόν
451 2238 602 2326 ταφῆναι.

340 2346 384 2411 ib.
407 2345 470 2412 654
488 2341 615 2432 πιθανή
637 2336 726 2434 αὐτῷ
746 2339 765 2432 ή
789 2340 914 2428 ἔξοδος,
937 2336 984 2422 ὣς
1005 2341 1063 2409 ἐπὶ
1082 2335 1274 2428 καθαρμόν·
1294 2365 1358 2426 μο-

256 2449 352 2522 νόοαι
372 2449 434 2541 χδρ
454 2448 608 2540 βούλεται
631 2449 723 2540 χάριν
745 2457 804 2541 τής
820 2445 1026 2538 ἀναιρέσεως.

208 2569 245 2622 2⁰
342 2563 401 2648 [ib.
423 2563 485 2628 328
505 2555 574 2630 ἀλλ’
598 2549 626 2629 οῖ
647 2562 741 2653 φίλοι
760 2557 887 2629 τοότων
907 2557 967 2649 γὰρ
991 2557 1093 2629 οὕνεκ’
1115 2555 1268 2648 ἐστόληνι
1301 2583 1355 2627 ιιι-

255 2669 362 2762 θανήν
388 2668 447 2761 τήν
473 2666 643 2762 πρόφασιν
674 2675 732 2759 τῆς
761 2666 876 2754 ἐξόδου
906 2670 1016 2760 φησὶν,
1044 2670 1098 2738 ἵνα
1124 2666 1170 2758 μή
1195 2665 1276 2760 δόξῃ
1297 2665 1357 2738 τόν

256 2776 390 2848 Αίαντα
412 2780 446 2848 ἐν
466 2777 604 2869 τοιαότή
626 2782 783 2870 συμφορᾷ
804 2779 1097 2859 καταλελοιπέναι]

340 2889 411 2958 OT.
429 2889 509 2956 1287
531 2888 659 2978 πιθανή
681 2883 701 2977 ή
723 2887 811 2957 αίτία
831 2893 894 2957 τοῦ
914 2888 1031 2973 ἐξιέναι
1051 2880 1161 2972 αδτδν,
1181 2887 1356 2978 ῖνα(φησί)

255 2998 344 3086 δείξρ
356 3001 429 3076 τοῖς
445 2995 608 3083 πολίταις,
626 2991 679 3063 δ’τι
699 2995 798 3080 ἀξίως
818 2993 934 3064 ἑαυτὸν
949 2992 1174 3085 ἐτιμωρήσατο
1187 2995 1246 3064 ἐπὶ
1258 2987 1355 3064 ιῖκου·

207 3113 243 3167 25
255 3107 342 3188 σίοις
363 3101 551 3194 παθήμασι,
579 3107 634 3174 καί
660 3101 706 3187 οῖς
729 3106 857 3192 μέλλων
878 3103 986 3175 ἑκοντὶ
1005 3105 1122 3191 ἐξιέναι
1141 3109 1202 3194 τῆς
1222 3102 1357 3184 πόλεως

255 3213 321 3296 διὰ,
331 3211 393 3296 τοῖς
410 3209 496 3301 δρός
517 3207 557 3296 ἃς
578 3213 732 3307 ἔφθασεν
754 3211 1010 3302 ἐπαρασάμενος.

338 3325 460 3394 ΕΙυοτι.
487 3325 566 3393 1098
596 3325 778 3415 θαυμαστή
801 3323 822 3416 ἡ
846 3323 1017 3414 οἰκονομία
1035 3329 1100 3395 τοῦ
1121 3329 1268 3414 ποιητοῦ
1287 3320 1356 3412 ἅμα

343 3545 416 3602 nib.
435 3543 485 3600 151
503 3541 572 3601 κατὰ
595 3542 646 3614 τήν
664 3540 816 3619 πρόσταξιν
838 3546 886 3602 τοῦ
911 3549 1046 3618 βασιλέως
1067 3541 1178 3620 πιίριισι
1202 3547 1357 3618 πρεσβῦταί

255 3658 333 3708 τινες,
351 3643 381 3704 ἐξ
398 3625 438 3698 όν
455 3639 471 3697 ό
487 3639 575 3714 χορός
593 3643 806 3716 συμπληροῦται
1264 3679 1267 3688 ι

343 3739 359 3794 δ
377 3739 426 3794 τοῦ
443 3739 530 3812 χοροῦ
549 3738 660 3796 addidit
678 3739 778 3798 Elmk
795 3743 905 3811 γένηται
918 3741 944 3798 V
959 3735 1101 3813 γενήσεται
1120 3741 1152 3798 L.

327 3836 359 3889 11
378 3833 415 3890 ib.
430 3835 480 3889 1⁷2
498 3832 514 3889 ὁ
530 3833 617 3908 χορὸς
634 3833 746 3892 οὐδέπω
764 3833 954 3900 πεπιστευκὼς
969 3833 1011 3893 ὅτι
1029 3843 1101 3900 Αἴας
1119 3833 1353 3911 τᾶτιθρνλημίνι

255 3925 427 4002 διεπράξατο,
452 3927 510 3986 ἀλλ’
529 3927 657 4006 οἰόμενοι
674 3935 706 3988 ἐκ
720 3951 794 3994 τινος
811 3929 895 4006 ὁρμῆς
912 3935 988 3990 θεῶν
1003 3927 1102 4004 ταύτην
1124 3931 1174 4004 τήν
1190 3927 1290 4009 φήμην
1305 3951 1353 4007 χι-

253 4027 399 4096 χενῆσθαι,
418 4033 535 4082 ποιεῖται
554 4025 625 4102 πρὸς
641 4028 692 4098 τήν
710 4024 810 4105 φήμην
826 4027 876 4086 τὸν
893 4025 986 4101 λόγον.

328 4124 362 4178 111
379 4123 417 4180 ib.
435 4124 489 4179 65⁷
506 4118 621 4196 εὑρήσω,
647 4129 726 4199 φησί,
744 4119 841 4190 τόπον,
867 4109 1005 4188 οδοίνδιὶι
1019 4121 1187 4198 ἐπιβήσεται.
1221 4127 1300 4182 τοῦτο
1318 4127 1351 4183 δέ

254 4215 385 4288 πιθανὸν,
413 4221 458 4276 ἵνα
480 4213 521 4293 μή
545 4239 585 4283 τις
601 4216 674 4292 αίπᾷ
691 4215 877 4296 ἀκολουθήσῃ·
904 4220 1075 4280 πιθανόνδὲ
1093 4219 1349 4294 κα1τδλιιριῖντδ

253 4319 341 4392 ξίφος,
357 4321 403 4375 tn
420 4313 558 4396 ιόιισρήση
576 4317 675 4378 ἐαυτὸν
692 4320 923 4394 διαχιιρίσασθαι.
