<?xml version="1.0" encoding="UTF-8"?>
<!DOCTYPE html PUBLIC "-//W3C//DTD XHTML 1.0 Transitional//EN"
    "http://www.w3.org/TR/xhtml1/DTD/xhtml1-transitional.dtd">
<html xmlns="http://www.w3.org/1999/xhtml" xml:lang="en" lang="en">
 <head>
  <title>
</title>
<meta http-equiv="Content-Type" content="text/html;charset=utf-8" />
  <meta name='ocr-system' content='tesseract 3.04.00' />
  <meta name='ocr-capabilities' content='ocr_page ocr_carea ocr_par ocr_line ocrx_word'/>
</head>
<body>
  <div class='ocr_page' id='page_1' title='image "./grammaticorumgr00trengoog_0070.png"; bbox 0 0 3020 5020; ppageno 0'>
   <div class='ocr_carea' id='block_1_1' title="bbox 683 377 719 442">
    <p class='ocr_par' dir='ltr' id='par_1_1' title="bbox 683 377 719 442">
     <span class='ocr_line' id='line_1_1' title="bbox 683 377 719 442; baseline 0 0"><span class='ocrx_word' id='word_1_1' title='bbox 683 377 719 442; x_wconf 84' lang='lat'><strong>61</strong></span> 
     </span>
    </p>
   </div>
   <div class='ocr_carea' id='block_1_2' title="bbox 147 563 1276 3384">
    <p class='ocr_par' dir='ltr' id='par_1_2' title="bbox 147 563 1276 3384">
     <span class='ocr_line' id='line_1_2' title="bbox 150 563 1248 652; baseline -0.007 -17"><span class='ocrx_word' id='word_1_2' title='bbox 150 567 285 652; x_wconf 84' lang='lat' dir='ltr'><strong>generis</strong></span> <span class='ocrx_word' id='word_1_3' title='bbox 307 575 455 634; x_wconf 84' lang='lat' dir='ltr'><strong>notarum</strong></span> <span class='ocrx_word' id='word_1_4' title='bbox 478 566 641 652; x_wconf 85' lang='lat' dir='ltr'><strong>exemplo,</strong></span> <span class='ocrx_word' id='word_1_5' title='bbox 664 563 749 649; x_wconf 93' lang='lat' dir='ltr'><strong>quod</strong></span> <span class='ocrx_word' id='word_1_6' title='bbox 773 573 903 652; x_wconf 86' lang='lat' dir='ltr'><strong>praeter</strong></span> <span class='ocrx_word' id='word_1_7' title='bbox 927 564 1171 629; x_wconf 82' lang='lat' dir='ltr'><strong>observationes</strong></span> <span class='ocrx_word' id='word_1_8' title='bbox 1194 585 1248 628; x_wconf 88' lang='lat' dir='ltr'><strong>su-</strong></span> 
     </span>
     <span class='ocr_line' id='line_1_3' title="bbox 152 671 1247 765; baseline -0.007 -21"><span class='ocrx_word' id='word_1_9' title='bbox 152 700 212 765; x_wconf 81' lang='lat' dir='ltr'><strong>pra</strong></span> <span class='ocrx_word' id='word_1_10' title='bbox 231 678 382 744; x_wconf 84' lang='lat' dir='ltr'><strong>collectas</strong></span> <span class='ocrx_word' id='word_1_11' title='bbox 405 677 438 743; x_wconf 93' lang='lat' dir='ltr'><strong>in</strong></span> <span class='ocrx_word' id='word_1_12' title='bbox 463 673 598 740; x_wconf 82' lang='lat' dir='ltr'><strong>scholiis</strong></span> <span class='ocrx_word' id='word_1_13' title='bbox 628 674 748 740; x_wconf 80' lang='lat' dir='ltr'><strong>nostris</strong></span> <span class='ocrx_word' id='word_1_14' title='bbox 773 673 937 759; x_wconf 87' lang='lat' dir='ltr'><strong>reliquum</strong></span> <span class='ocrx_word' id='word_1_15' title='bbox 966 683 1026 756; x_wconf 85' lang='lat' dir='ltr'><strong>est,</strong></span> <span class='ocrx_word' id='word_1_16' title='bbox 1058 673 1111 738; x_wconf 90' lang='lat' dir='ltr'><strong>hic</strong></span> <span class='ocrx_word' id='word_1_17' title='bbox 1140 671 1247 736; x_wconf 81' lang='lat' dir='ltr'><strong>statim</strong></span> 
     </span>
     <span class='ocr_line' id='line_1_4' title="bbox 151 780 1246 871; baseline -0.008 -19"><span class='ocrx_word' id='word_1_18' title='bbox 151 789 260 852; x_wconf 90' lang='lat' dir='ltr'><strong>locum</strong></span> <span class='ocrx_word' id='word_1_19' title='bbox 273 784 501 867; x_wconf 80' lang='lat' dir='ltr'><strong>concedamus,</strong></span> <span class='ocrx_word' id='word_1_20' title='bbox 526 784 648 871; x_wconf 90' lang='lat' dir='ltr'><strong>quippe</strong></span> <span class='ocrx_word' id='word_1_21' title='bbox 680 783 768 868; x_wconf 91' lang='lat' dir='ltr'><strong>quod</strong></span> <span class='ocrx_word' id='word_1_22' title='bbox 797 804 864 846; x_wconf 91' lang='lat' dir='ltr'><strong>non</strong></span> <span class='ocrx_word' id='word_1_23' title='bbox 893 781 1000 848; x_wconf 89' lang='lat' dir='ltr'><strong>minus</strong></span> <span class='ocrx_word' id='word_1_24' title='bbox 1032 793 1121 848; x_wconf 87' lang='lat' dir='ltr'><strong>certe</strong></span> <span class='ocrx_word' id='word_1_25' title='bbox 1142 780 1246 866; x_wconf 88' lang='lat' dir='ltr'><strong>Didy-</strong></span> 
     </span>
     <span class='ocr_line' id='line_1_5' title="bbox 150 883 1276 978; baseline -0.005 -18"><span class='ocrx_word' id='word_1_26' title='bbox 150 915 260 962; x_wconf 87' lang='lat' dir='ltr'><strong>meum</strong></span> <span class='ocrx_word' id='word_1_27' title='bbox 290 895 341 974; x_wconf 86' lang='lat' dir='ltr'><strong>sit,</strong></span> <span class='ocrx_word' id='word_1_28' title='bbox 371 894 472 959; x_wconf 89' lang='lat' dir='ltr'><strong>schol.</strong></span> <span class='ocrx_word' id='word_1_29' title='bbox 496 893 607 962; x_wconf 81' lang='lat' dir='ltr'><strong>Aiacis</strong></span> <span class='ocrx_word' id='word_1_30' title='bbox 631 893 670 956; x_wconf 76' lang='lat'><strong>76</strong></span> <span class='ocrx_word' id='word_1_31' title='bbox 698 889 743 978; x_wconf 76' lang='grc' dir='ltr'><em>μή</em></span> <span class='ocrx_word' id='word_1_32' title='bbox 779 888 864 976; x_wconf 84' lang='grc' dir='ltr'><strong><em>πρὸς</em></strong></span> <span class='ocrx_word' id='word_1_33' title='bbox 897 895 1005 958; x_wconf 76' lang='grc' dir='ltr'><strong><em>θεῶνε</em></strong></span> <span class='ocrx_word' id='word_1_34' title='bbox 1038 883 1276 976; x_wconf 74' lang='grc' dir='ltr'><strong><em>παραιτεῖται</em></strong></span> 
     </span>
     <span class='ocr_line' id='line_1_6' title="bbox 147 995 1250 1089; baseline -0.007 -18"><span class='ocrx_word' id='word_1_35' title='bbox 147 996 325 1084; x_wconf 73' lang='grc' dir='ltr'><strong><em>Ὀδυσσεὺς,</em></strong></span> <span class='ocrx_word' id='word_1_36' title='bbox 351 996 410 1085; x_wconf 69' lang='lat' dir='ltr'><strong>cdx</strong></span> <span class='ocrx_word' id='word_1_37' title='bbox 432 998 477 1081; x_wconf 78' lang='grc' dir='ltr'><strong>ὥς</strong></span> <span class='ocrx_word' id='word_1_38' title='bbox 499 1003 810 1089; x_wconf 80' lang='grc' dir='ltr'><strong>κωμῳδοῦνταςΙ</strong></span> <span class='ocrx_word' id='word_1_39' title='bbox 823 1005 881 1068; x_wconf 78' lang='grc' dir='ltr'><strong><em>τοῦ</em></strong></span> <span class='ocrx_word' id='word_1_40' title='bbox 903 1004 1044 1087; x_wconf 80' lang='grc' dir='ltr'><strong><em>ποιητοῦ</em></strong></span> <span class='ocrx_word' id='word_1_41' title='bbox 1054 995 1113 1087; x_wconf 86' lang='grc' dir='ltr'><strong><em>τὴν</em></strong></span> <span class='ocrx_word' id='word_1_42' title='bbox 1128 998 1250 1066; x_wconf 75' lang='grc' dir='ltr'><strong><em>δειλίαν</em></strong></span> 
     </span>
     <span class='ocr_line' id='line_1_7' title="bbox 149 1104 1249 1201; baseline -0.004 -23"><span class='ocrx_word' id='word_1_43' title='bbox 149 1118 209 1180; x_wconf 85' lang='grc' dir='ltr'><strong><em>τοῦ</em></strong></span> <span class='ocrx_word' id='word_1_44' title='bbox 245 1109 360 1200; x_wconf 79' lang='grc' dir='ltr'><strong><em>ἥρωος·</em></strong></span> <span class='ocrx_word' id='word_1_45' title='bbox 399 1108 485 1178; x_wconf 82' lang='grc' dir='ltr'><strong><em>οίίτω</em></strong></span> <span class='ocrx_word' id='word_1_46' title='bbox 517 1108 576 1197; x_wconf 82' lang='grc' dir='ltr'><strong>γάρ</strong></span> <span class='ocrx_word' id='word_1_47' title='bbox 610 1104 810 1201; x_wconf 73' lang='grc' dir='ltr'><em>ἀφαιρεθείη</em></span> <span class='ocrx_word' id='word_1_48' title='bbox 844 1113 905 1197; x_wconf 86' lang='grc' dir='ltr'><strong><em>τῆς</em></strong></span> <span class='ocrx_word' id='word_1_49' title='bbox 939 1107 1180 1196; x_wconf 76' lang='grc' dir='ltr'><strong><em>τραγῳδίας</em></strong></span> <span class='ocrx_word' id='word_1_50' title='bbox 1210 1105 1249 1174; x_wconf 86' lang='grc' dir='ltr'><strong><em>τὸ</em></strong></span> 
     </span>
     <span class='ocr_line' id='line_1_8' title="bbox 149 1205 1250 1307; baseline -0.005 -19"><span class='ocrx_word' id='word_1_51' title='bbox 149 1215 297 1307; x_wconf 81' lang='grc' dir='ltr'><strong><em>άξίωμα·</em></strong></span> <span class='ocrx_word' id='word_1_52' title='bbox 319 1216 399 1287; x_wconf 74' lang='grc' dir='ltr'><strong><em>ἀλλὰ</em></strong></span> <span class='ocrx_word' id='word_1_53' title='bbox 420 1217 459 1288; x_wconf 87' lang='grc' dir='ltr'><strong><em>τὸ</em></strong></span> <span class='ocrx_word' id='word_1_54' title='bbox 480 1211 617 1304; x_wconf 71' lang='grc' dir='ltr'><strong><em>εὐλαβὲς</em></strong></span> <span class='ocrx_word' id='word_1_55' title='bbox 638 1219 851 1286; x_wconf 80' lang='grc' dir='ltr'><strong><em>ἐνδείκνυται·</em></strong></span> <span class='ocrx_word' id='word_1_56' title='bbox 885 1215 1051 1305; x_wconf 76' lang='grc' dir='ltr'><strong><em>ἔμφρονος</em></strong></span> <span class='ocrx_word' id='word_1_57' title='bbox 1072 1214 1131 1304; x_wconf 85' lang='grc' dir='ltr'><strong>γὰρ</strong></span> <span class='ocrx_word' id='word_1_58' title='bbox 1152 1205 1191 1304; x_wconf 81' lang='grc' dir='ltr'><strong>ἦν</strong></span> <span class='ocrx_word' id='word_1_59' title='bbox 1212 1217 1250 1282; x_wconf 85' lang='grc' dir='ltr'><strong><em>τὸ</em></strong></span> 
     </span>
     <span class='ocr_line' id='line_1_9' title="bbox 149 1317 1249 1418; baseline -0.005 -22"><span class='ocrx_word' id='word_1_60' title='bbox 149 1335 199 1418; x_wconf 76' lang='grc' dir='ltr'><strong><em>τῷ</em></strong></span> <span class='ocrx_word' id='word_1_61' title='bbox 218 1326 377 1417; x_wconf 81' lang='grc' dir='ltr'><strong><em>μεμηνότι</em></strong></span> <span class='ocrx_word' id='word_1_62' title='bbox 407 1333 629 1413; x_wconf 74' lang='grc' dir='ltr'><strong><em>παραχωρεῖν</em></strong></span> <span class='ocrx_word' id='word_1_63' title='bbox 661 1324 721 1412; x_wconf 80' lang='grc' dir='ltr'><strong><em>ὅρα</em></strong></span> <span class='ocrx_word' id='word_1_64' title='bbox 742 1324 810 1413; x_wconf 83' lang='grc' dir='ltr'><strong><em>γὰρ,</em></strong></span> <span class='ocrx_word' id='word_1_65' title='bbox 846 1318 919 1393; x_wconf 85' lang='grc' dir='ltr'><strong><em>οἷον</em></strong></span> <span class='ocrx_word' id='word_1_66' title='bbox 949 1317 987 1413; x_wconf 74' lang='grc' dir='ltr'><strong>ἦν</strong></span> <span class='ocrx_word' id='word_1_67' title='bbox 1016 1320 1249 1412; x_wconf 69' lang='grc' dir='ltr'><strong><em>προσελθόντα</em></strong></span> 
     </span>
     <span class='ocr_line' id='line_1_10' title="bbox 150 1431 1188 1523; baseline -0.004 -16"><span class='ocrx_word' id='word_1_68' title='bbox 150 1441 276 1507; x_wconf 80' lang='grc' dir='ltr'><strong><em>ἐκεῖνον</em></strong></span> <span class='ocrx_word' id='word_1_69' title='bbox 296 1433 488 1507; x_wconf 84' lang='grc' dir='ltr'><strong><em>θεάσασθαι</em></strong></span> <span class='ocrx_word' id='word_1_70' title='bbox 508 1435 566 1504; x_wconf 85' lang='grc' dir='ltr'><strong><em>τόν</em></strong></span> <span class='ocrx_word' id='word_1_71' title='bbox 590 1434 711 1523; x_wconf 78' lang='grc' dir='ltr'><strong><em>ἐχθρόν</em></strong></span> <span class='ocrx_word' id='word_1_72' title='bbox 723 1443 758 1506; x_wconf 81' lang='lat'><strong>⁶⁵.</strong></span> <span class='ocrx_word' id='word_1_73' title='bbox 1186 1431 1188 1438; x_wconf 42' lang='lat'><strong>¹</strong></span> 
     </span>
     <span class='ocr_line' id='line_1_11' title="bbox 251 1544 1250 1636; baseline 0.001 -21"><span class='ocrx_word' id='word_1_74' title='bbox 251 1550 452 1636; x_wconf 84' lang='lat' dir='ltr'><strong>Didymeum</strong></span> <span class='ocrx_word' id='word_1_75' title='bbox 476 1547 560 1616; x_wconf 87' lang='lat' dir='ltr'><strong>illud</strong></span> <span class='ocrx_word' id='word_1_76' title='bbox 583 1544 674 1633; x_wconf 83' lang='grc' dir='ltr'><strong><em>παρὰ</em></strong></span> <span class='ocrx_word' id='word_1_77' title='bbox 693 1544 734 1613; x_wconf 80' lang='grc' dir='ltr'><strong><em>τά</em></strong></span> <span class='ocrx_word' id='word_1_78' title='bbox 755 1544 925 1634; x_wconf 91' lang='grc' dir='ltr'><strong><em>πρόσωπα</em></strong></span> <span class='ocrx_word' id='word_1_79' title='bbox 944 1550 998 1616; x_wconf 83' lang='grc' dir='ltr'><strong><em>καί</em></strong></span> <span class='ocrx_word' id='word_1_80' title='bbox 1016 1545 1094 1628; x_wconf 77' lang='grc' dir='ltr'><strong>τούς</strong></span> <span class='ocrx_word' id='word_1_81' title='bbox 1113 1545 1250 1632; x_wconf 81' lang='grc' dir='ltr'><strong><em>καιρούς</em></strong></span> 
     </span>
     <span class='ocr_line' id='line_1_12' title="bbox 150 1656 1248 1748; baseline 0.001 -23"><span class='ocrx_word' id='word_1_82' title='bbox 150 1660 420 1748; x_wconf 87' lang='lat' dir='ltr'><strong>persentiscimus</strong></span> <span class='ocrx_word' id='word_1_83' title='bbox 445 1659 541 1725; x_wconf 87' lang='lat' dir='ltr'><strong>etiam</strong></span> <span class='ocrx_word' id='word_1_84' title='bbox 566 1660 598 1726; x_wconf 91' lang='lat' dir='ltr'><strong>in</strong></span> <span class='ocrx_word' id='word_1_85' title='bbox 620 1659 721 1726; x_wconf 86' lang='lat' dir='ltr'><strong>schol.</strong></span> <span class='ocrx_word' id='word_1_86' title='bbox 748 1659 910 1727; x_wconf 66' lang='lat' dir='ltr'><strong>Medum</strong></span> <span class='ocrx_word' id='word_1_87' title='bbox 932 1656 1023 1747; x_wconf 72' lang='grc' dir='ltr'><strong><em>αὕτη,</em></strong></span> <span class='ocrx_word' id='word_1_88' title='bbox 1044 1659 1076 1725; x_wconf 92' lang='grc' dir='ltr'><strong><em>τί</em></strong></span> <span class='ocrx_word' id='word_1_89' title='bbox 1096 1661 1248 1744; x_wconf 79' lang='grc' dir='ltr'><strong><em>χλωρεῖςι</em></strong></span> 
     </span>
     <span class='ocr_line' id='line_1_13' title="bbox 150 1760 1250 1856; baseline 0.003 -23"><span class='ocrx_word' id='word_1_90' title='bbox 150 1762 252 1834; x_wconf 87' lang='grc' dir='ltr'><strong><em>πάλιν</em></strong></span> <span class='ocrx_word' id='word_1_91' title='bbox 273 1765 320 1848; x_wconf 88' lang='grc' dir='ltr'><strong>εἰς</strong></span> <span class='ocrx_word' id='word_1_92' title='bbox 340 1766 401 1854; x_wconf 82' lang='grc' dir='ltr'><strong>τήν</strong></span> <span class='ocrx_word' id='word_1_93' title='bbox 430 1760 533 1852; x_wconf 69' lang='lat' dir='ltr'><strong>orieris</strong></span> <span class='ocrx_word' id='word_1_94' title='bbox 566 1764 692 1834; x_wconf 71' lang='lat' dir='ltr'><strong>diruetur</strong></span> <span class='ocrx_word' id='word_1_95' title='bbox 722 1772 839 1834; x_wconf 77' lang='grc' dir='ltr'><strong><em>ταῦτα·</em></strong></span> <span class='ocrx_word' id='word_1_96' title='bbox 874 1767 942 1836; x_wconf 75' lang='grc' dir='ltr'><strong><em>ἔδει</em></strong></span> <span class='ocrx_word' id='word_1_97' title='bbox 974 1768 1010 1835; x_wconf 80' lang='grc' dir='ltr'><strong>δὲ</strong></span> <span class='ocrx_word' id='word_1_98' title='bbox 1038 1762 1140 1856; x_wconf 78' lang='grc' dir='ltr'><strong><em>αὐτὴν</em></strong></span> <span class='ocrx_word' id='word_1_99' title='bbox 1169 1768 1250 1856; x_wconf 78' lang='grc' dir='ltr'><strong><em>μηδὲ</em></strong></span> 
     </span>
     <span class='ocr_line' id='line_1_14' title="bbox 149 1867 1248 1965; baseline -0.001 -21"><span class='ocrx_word' id='word_1_100' title='bbox 149 1877 326 1945; x_wconf 79' lang='grc' dir='ltr'><strong><em>κλαίουσαν</em></strong></span> <span class='ocrx_word' id='word_1_101' title='bbox 347 1871 557 1962; x_wconf 88' lang='grc' dir='ltr'><strong><em>εἰσάγεσθαι·</em></strong></span> <span class='ocrx_word' id='word_1_102' title='bbox 590 1868 629 1943; x_wconf 76' lang='grc' dir='ltr'><strong>οὗ</strong></span> <span class='ocrx_word' id='word_1_103' title='bbox 656 1873 715 1962; x_wconf 83' lang='grc' dir='ltr'><strong>γὰρ</strong></span> <span class='ocrx_word' id='word_1_104' title='bbox 747 1867 994 1965; x_wconf 80' lang='grc' dir='ltr'><strong><em>οἰκεῖοντῷ</em></strong></span> <span class='ocrx_word' id='word_1_105' title='bbox 1028 1873 1248 1964; x_wconf 80' lang='grc' dir='ltr'><strong><em>προσώπῳ</em></strong></span> 
     </span>
     <span class='ocr_line' id='line_1_15' title="bbox 150 1979 1250 2077; baseline 0 -24"><span class='ocrx_word' id='word_1_106' title='bbox 150 1984 291 2075; x_wconf 83' lang='grc' dir='ltr'><strong><em>τούτῳ.</em></strong></span> <span class='ocrx_word' id='word_1_107' title='bbox 317 1979 408 2072; x_wconf 83' lang='grc' dir='ltr'><strong><em>υἰμόν</em></strong></span> <span class='ocrx_word' id='word_1_108' title='bbox 428 1983 488 2073; x_wconf 81' lang='grc' dir='ltr'><strong>γὰρ</strong></span> <span class='ocrx_word' id='word_1_109' title='bbox 511 1985 659 2074; x_wconf 85' lang='grc' dir='ltr'><strong><em>εἰσῆκται</em></strong></span> <span class='ocrx_word' id='word_1_110' title='bbox 680 1991 791 2054; x_wconf 80' lang='grc' dir='ltr'><strong><em>τοῦτο.</em></strong></span> <span class='ocrx_word' id='word_1_111' title='bbox 815 1980 884 2052; x_wconf 78' lang='grc' dir='ltr'><strong><em>ἄλλ’</em></strong></span> <span class='ocrx_word' id='word_1_112' title='bbox 896 1986 1067 2077; x_wconf 78' lang='grc' dir='ltr'><strong><em>ἐκφέρεται</em></strong></span> <span class='ocrx_word' id='word_1_113' title='bbox 1082 1991 1122 2077; x_wconf 79' lang='grc' dir='ltr'><strong><em>τῇ</em></strong></span> <span class='ocrx_word' id='word_1_114' title='bbox 1140 1980 1250 2075; x_wconf 77' lang='grc' dir='ltr'><strong><em>όχλικῇ</em></strong></span> 
     </span>
     <span class='ocr_line' id='line_1_16' title="bbox 150 2088 1249 2188; baseline -0.002 -25"><span class='ocrx_word' id='word_1_115' title='bbox 150 2097 315 2188; x_wconf 80' lang='grc' dir='ltr'><strong><em>φαντασίᾳ</em></strong></span> <span class='ocrx_word' id='word_1_116' title='bbox 335 2091 477 2183; x_wconf 76' lang='grc' dir='ltr'><strong><em>ποιήσας</em></strong></span> <span class='ocrx_word' id='word_1_117' title='bbox 500 2097 674 2164; x_wconf 83' lang='grc' dir='ltr'><strong><em>κλαίουσαν</em></strong></span> <span class='ocrx_word' id='word_1_118' title='bbox 696 2096 751 2164; x_wconf 82' lang='grc' dir='ltr'><strong><em>καὶ</em></strong></span> <span class='ocrx_word' id='word_1_119' title='bbox 772 2091 1039 2180; x_wconf 84' lang='grc' dir='ltr'><strong><em>συμπάσχυυσαν.</em></strong></span> <span class='ocrx_word' id='word_1_120' title='bbox 1073 2088 1249 2175; x_wconf 73' lang='grc' dir='ltr'><strong><em>ἀπιθάνως</em></strong></span> 
     </span>
     <span class='ocr_line' id='line_1_17' title="bbox 149 2203 1250 2298; baseline 0 -24"><span class='ocrx_word' id='word_1_121' title='bbox 149 2205 210 2296; x_wconf 82' lang='grc' dir='ltr'><strong>γὰρ</strong></span> <span class='ocrx_word' id='word_1_122' title='bbox 232 2207 292 2296; x_wconf 79' lang='grc' dir='ltr'><strong>τήν</strong></span> <span class='ocrx_word' id='word_1_123' title='bbox 311 2203 467 2294; x_wconf 81' lang='grc' dir='ltr'><strong><em>τοιαύτην</em></strong></span> <span class='ocrx_word' id='word_1_124' title='bbox 487 2209 760 2295; x_wconf 83' lang='grc' dir='ltr'><strong><em>διαχειριζομένην</em></strong></span> <span class='ocrx_word' id='word_1_125' title='bbox 781 2205 822 2274; x_wconf 86' lang='grc' dir='ltr'><strong><em>τά</em></strong></span> <span class='ocrx_word' id='word_1_126' title='bbox 840 2209 936 2275; x_wconf 83' lang='grc' dir='ltr'><strong><em>τέκνα</em></strong></span> <span class='ocrx_word' id='word_1_127' title='bbox 948 2205 1079 2295; x_wconf 83' lang='grc' dir='ltr'><strong><em>εἰσάγει,</em></strong></span> <span class='ocrx_word' id='word_1_128' title='bbox 1101 2233 1164 2298; x_wconf 93' lang='lat' dir='ltr'><strong>quo</strong></span> <span class='ocrx_word' id='word_1_129' title='bbox 1176 2208 1250 2274; x_wconf 91' lang='lat' dir='ltr'><strong>illu·</strong></span> 
     </span>
     <span class='ocr_line' id='line_1_18' title="bbox 151 2317 1247 2405; baseline -0.001 -22"><span class='ocrx_word' id='word_1_130' title='bbox 151 2328 307 2399; x_wconf 79' lang='lat' dir='ltr'><strong>strentur,</strong></span> <span class='ocrx_word' id='word_1_131' title='bbox 330 2318 470 2404; x_wconf 88' lang='lat' dir='ltr'><strong>quaein</strong></span> <span class='ocrx_word' id='word_1_132' title='bbox 492 2318 630 2386; x_wconf 80' lang='lat' dir='ltr'><strong>Medeae</strong></span> <span class='ocrx_word' id='word_1_133' title='bbox 653 2319 894 2405; x_wconf 73' lang='lat' dir='ltr'><strong>argum.Ip.2‚</strong></span> <span class='ocrx_word' id='word_1_134' title='bbox 908 2319 946 2383; x_wconf 88' lang='lat'><strong>13</strong></span> <span class='ocrx_word' id='word_1_135' title='bbox 968 2319 1145 2404; x_wconf 84' lang='lat' dir='ltr'><strong>leguntur:</strong></span> <span class='ocrx_word' id='word_1_136' title='bbox 1167 2317 1247 2401; x_wconf 81' lang='grc' dir='ltr'>μέμ-</span> 
     </span>
     <span class='ocr_line' id='line_1_19' title="bbox 151 2422 1248 2517; baseline 0 -25"><span class='ocrx_word' id='word_1_137' title='bbox 151 2449 271 2516; x_wconf 88' lang='grc' dir='ltr'><strong><em>φονται</em></strong></span> <span class='ocrx_word' id='word_1_138' title='bbox 291 2426 328 2493; x_wconf 80' lang='grc' dir='ltr'><strong>δὲ</strong></span> <span class='ocrx_word' id='word_1_139' title='bbox 348 2426 439 2515; x_wconf 75' lang='grc' dir='ltr'><strong><em>αὐτῷ</em></strong></span> <span class='ocrx_word' id='word_1_140' title='bbox 460 2423 499 2493; x_wconf 89' lang='grc' dir='ltr'><strong><em>τδ</em></strong></span> <span class='ocrx_word' id='word_1_141' title='bbox 521 2424 566 2516; x_wconf 73' lang='grc' dir='ltr'><strong>μὴ</strong></span> <span class='ocrx_word' id='word_1_142' title='bbox 589 2427 809 2517; x_wconf 84' lang='grc' dir='ltr'><strong><em>πεφυλαχέναι</em></strong></span> <span class='ocrx_word' id='word_1_143' title='bbox 835 2423 892 2514; x_wconf 77' lang='grc' dir='ltr'><strong><em>τὴν</em></strong></span> <span class='ocrx_word' id='word_1_144' title='bbox 912 2422 1087 2513; x_wconf 79' lang='grc' dir='ltr'><strong><em>ὑπόκρισιν</em></strong></span> <span class='ocrx_word' id='word_1_145' title='bbox 1109 2429 1149 2516; x_wconf 81' lang='grc' dir='ltr'><strong><em>τῇ</em></strong></span> <span class='ocrx_word' id='word_1_146' title='bbox 1170 2431 1248 2513; x_wconf 73' lang='grc' dir='ltr'><strong><em>Μιγ-</em></strong></span> 
     </span>
     <span class='ocr_line' id='line_1_20' title="bbox 150 2527 1247 2623; baseline -0.003 -21"><span class='ocrx_word' id='word_1_147' title='bbox 150 2535 233 2622; x_wconf 82' lang='grc' dir='ltr'><strong><em>δείᾳ,</em></strong></span> <span class='ocrx_word' id='word_1_148' title='bbox 268 2527 350 2601; x_wconf 70' lang='lat' dir='ltr'><strong>cilici</strong></span> <span class='ocrx_word' id='word_1_149' title='bbox 368 2540 554 2622; x_wconf 88' lang='grc' dir='ltr'><strong><em>προπεσεῖν</em></strong></span> <span class='ocrx_word' id='word_1_150' title='bbox 585 2533 632 2616; x_wconf 87' lang='grc' dir='ltr'><strong>εἰς</strong></span> <span class='ocrx_word' id='word_1_151' title='bbox 652 2531 784 2620; x_wconf 87' lang='grc' dir='ltr'><strong><em>δάκρυα,</em></strong></span> <span class='ocrx_word' id='word_1_152' title='bbox 808 2531 863 2602; x_wconf 82' lang='grc' dir='ltr'><strong><em>ὅτε</em></strong></span> <span class='ocrx_word' id='word_1_153' title='bbox 882 2531 1100 2619; x_wconf 79' lang='grc' dir='ltr'><strong><em>ἐπεβούλευσε</em></strong></span> <span class='ocrx_word' id='word_1_154' title='bbox 1121 2538 1169 2623; x_wconf 77' lang='grc' dir='ltr'><strong><em>τῷ</em></strong></span> <span class='ocrx_word' id='word_1_155' title='bbox 1191 2527 1247 2600; x_wconf 83' lang='grc' dir='ltr'><strong>Ἰά-</strong></span> 
     </span>
     <span class='ocr_line' id='line_1_21' title="bbox 151 2635 1250 2735; baseline -0.001 -23"><span class='ocrx_word' id='word_1_156' title='bbox 151 2669 225 2712; x_wconf 92' lang='grc' dir='ltr'><strong><em>σονι</em></strong></span> <span class='ocrx_word' id='word_1_157' title='bbox 243 2645 296 2712; x_wconf 86' lang='grc' dir='ltr'><strong><em>καί</em></strong></span> <span class='ocrx_word' id='word_1_158' title='bbox 317 2635 357 2734; x_wconf 81' lang='grc' dir='ltr'><strong><em>τῇ</em></strong></span> <span class='ocrx_word' id='word_1_159' title='bbox 377 2646 510 2732; x_wconf 91' lang='grc' dir='ltr'><strong><em>γυναικί.</em></strong></span> <span class='ocrx_word' id='word_1_160' title='bbox 532 2646 584 2712; x_wconf 90' lang='lat' dir='ltr'><strong>hic</strong></span> <span class='ocrx_word' id='word_1_161' title='bbox 603 2641 635 2711; x_wconf 85' lang='lat' dir='ltr'><strong>oi</strong></span> <span class='ocrx_word' id='word_1_162' title='bbox 653 2641 859 2735; x_wconf 85' lang='grc' dir='ltr'><strong><em>μεμφόμενοι</em></strong></span> <span class='ocrx_word' id='word_1_163' title='bbox 878 2668 1011 2735; x_wconf 80' lang='lat' dir='ltr'><strong>prorsus</strong></span> <span class='ocrx_word' id='word_1_164' title='bbox 1034 2655 1069 2711; x_wconf 89' lang='lat' dir='ltr'><strong>ut</strong></span> <span class='ocrx_word' id='word_1_165' title='bbox 1092 2644 1127 2710; x_wconf 88' lang='lat' dir='ltr'><strong>in</strong></span> <span class='ocrx_word' id='word_1_166' title='bbox 1147 2646 1250 2712; x_wconf 83' lang='lat' dir='ltr'><strong>schol.</strong></span> 
     </span>
     <span class='ocr_line' id='line_1_22' title="bbox 152 2750 1250 2844; baseline 0.001 -25"><span class='ocrx_word' id='word_1_167' title='bbox 152 2754 261 2821; x_wconf 83' lang='lat' dir='ltr'><strong>Andr.</strong></span> <span class='ocrx_word' id='word_1_168' title='bbox 270 2755 312 2820; x_wconf 79' lang='lat'><strong>32</strong></span> <span class='ocrx_word' id='word_1_169' title='bbox 330 2750 361 2820; x_wconf 84' lang='lat' dir='ltr'><strong>oi</strong></span> <span class='ocrx_word' id='word_1_170' title='bbox 381 2752 515 2844; x_wconf 84' lang='grc' dir='ltr'><strong><em>φαύλως</em></strong></span> <span class='ocrx_word' id='word_1_171' title='bbox 535 2751 1132 2843; x_wconf 70' lang='lat' dir='ltr'><strong>iocurquoctodueuorAristophanes</strong></span> <span class='ocrx_word' id='word_1_172' title='bbox 1147 2765 1180 2819; x_wconf 83' lang='lat' dir='ltr'><strong>et</strong></span> <span class='ocrx_word' id='word_1_173' title='bbox 1192 2755 1250 2820; x_wconf 92' lang='lat' dir='ltr'><strong>Di·</strong></span> 
     </span>
     <span class='ocr_line' id='line_1_23' title="bbox 152 2862 1250 2954; baseline 0.002 -28"><span class='ocrx_word' id='word_1_174' title='bbox 152 2862 273 2948; x_wconf 86' lang='lat' dir='ltr'><strong>dymus</strong></span> <span class='ocrx_word' id='word_1_175' title='bbox 298 2884 368 2928; x_wconf 87' lang='lat' dir='ltr'><strong>esse</strong></span> <span class='ocrx_word' id='word_1_176' title='bbox 393 2864 553 2930; x_wconf 84' lang='lat' dir='ltr'><strong>videntur.</strong></span> <span class='ocrx_word' id='word_1_177' title='bbox 587 2874 716 2954; x_wconf 84' lang='lat' dir='ltr'><strong>praeter</strong></span> <span class='ocrx_word' id='word_1_178' title='bbox 740 2887 777 2953; x_wconf 81' lang='lat' dir='ltr'><strong>ea</strong></span> <span class='ocrx_word' id='word_1_179' title='bbox 804 2887 887 2951; x_wconf 84' lang='lat' dir='ltr'><strong>quac</strong></span> <span class='ocrx_word' id='word_1_180' title='bbox 912 2865 974 2930; x_wconf 84' lang='lat' dir='ltr'><strong>iam</strong></span> <span class='ocrx_word' id='word_1_181' title='bbox 998 2863 1090 2929; x_wconf 81' lang='lat' dir='ltr'><strong>attuli</strong></span> <span class='ocrx_word' id='word_1_182' title='bbox 1115 2863 1250 2948; x_wconf 82' lang='lat' dir='ltr'><strong>scholia,</strong></span> 
     </span>
     <span class='ocr_line' id='line_1_24' title="bbox 153 2970 1250 3062; baseline 0.002 -26"><span class='ocrx_word' id='word_1_183' title='bbox 153 2970 338 3057; x_wconf 86' lang='lat' dir='ltr'><strong>Didymum</strong></span> <span class='ocrx_word' id='word_1_184' title='bbox 370 2973 554 3038; x_wconf 84' lang='lat' dir='ltr'><strong>invenimus</strong></span> <span class='ocrx_word' id='word_1_185' title='bbox 576 2974 745 3062; x_wconf 83' lang='lat' dir='ltr'><strong>Euripidis</strong></span> <span class='ocrx_word' id='word_1_186' title='bbox 768 2974 991 3040; x_wconf 69' lang='lat' dir='ltr'><strong>cavillatorem</strong></span> <span class='ocrx_word' id='word_1_187' title='bbox 1020 2973 1053 3037; x_wconf 93' lang='lat' dir='ltr'><strong>in</strong></span> <span class='ocrx_word' id='word_1_188' title='bbox 1086 2972 1135 3038; x_wconf 89' lang='lat' dir='ltr'><strong>his</strong></span> <span class='ocrx_word' id='word_1_189' title='bbox 1168 2995 1250 3058; x_wconf 88' lang='lat' dir='ltr'><strong>quae</strong></span> 
     </span>
     <span class='ocr_line' id='line_1_25' title="bbox 152 3078 1249 3171; baseline 0.002 -27"><span class='ocrx_word' id='word_1_190' title='bbox 152 3080 241 3146; x_wconf 84' lang='lat' dir='ltr'><strong>inira</strong></span> <span class='ocrx_word' id='word_1_191' title='bbox 264 3082 399 3147; x_wconf 84' lang='lat' dir='ltr'><strong>exhibui</strong></span> <span class='ocrx_word' id='word_1_192' title='bbox 422 3082 523 3171; x_wconf 88' lang='lat' dir='ltr'><strong>Soph.</strong></span> <span class='ocrx_word' id='word_1_193' title='bbox 547 3083 617 3150; x_wconf 76' lang='lat' dir='ltr'><strong>OT.</strong></span> <span class='ocrx_word' id='word_1_194' title='bbox 639 3078 699 3148; x_wconf 74' lang='lat'><strong>‘261</strong></span> <span class='ocrx_word' id='word_1_195' title='bbox 733 3081 803 3149; x_wconf 85' lang='lat' dir='ltr'><strong>OC.</strong></span> <span class='ocrx_word' id='word_1_196' title='bbox 827 3082 890 3146; x_wconf 77' lang='lat'><strong>220</strong></span> <span class='ocrx_word' id='word_1_197' title='bbox 920 3081 1032 3168; x_wconf 82' lang='lat' dir='ltr'><strong>Enrip.</strong></span> <span class='ocrx_word' id='word_1_198' title='bbox 1055 3081 1132 3148; x_wconf 83' lang='lat' dir='ltr'><strong>Tro.</strong></span> <span class='ocrx_word' id='word_1_199' title='bbox 1159 3083 1186 3165; x_wconf 88' lang='lat'><strong>1,</strong></span> <span class='ocrx_word' id='word_1_200' title='bbox 1197 3081 1249 3165; x_wconf 87' lang='grc'><strong>36,</strong></span> 
     </span>
     <span class='ocr_line' id='line_1_26' title="bbox 151 3187 1250 3275; baseline -0.001 -21"><span class='ocrx_word' id='word_1_201' title='bbox 151 3187 226 3272; x_wconf 85' lang='grc'>408,</span> <span class='ocrx_word' id='word_1_202' title='bbox 238 3190 311 3273; x_wconf 90' lang='grc'>630,</span> <span class='ocrx_word' id='word_1_203' title='bbox 323 3190 386 3256; x_wconf 80' lang='grc'><strong>915</strong></span> <span class='ocrx_word' id='word_1_204' title='bbox 417 3191 499 3256; x_wconf 82' lang='grc' dir='ltr'><strong><em>Ηαε.</em></strong></span> <span class='ocrx_word' id='word_1_205' title='bbox 510 3190 573 3256; x_wconf 79' lang='lat'><strong>280</strong></span> <span class='ocrx_word' id='word_1_206' title='bbox 605 3191 730 3257; x_wconf 86' lang='lat' dir='ltr'><strong>Phoen.</strong></span> <span class='ocrx_word' id='word_1_207' title='bbox 743 3192 793 3275; x_wconf 77' lang='lat'><strong>71,</strong></span> <span class='ocrx_word' id='word_1_208' title='bbox 805 3189 856 3275; x_wconf 93' lang='grc'><strong>88,</strong></span> <span class='ocrx_word' id='word_1_209' title='bbox 868 3190 941 3275; x_wconf 89' lang='grc'>388,</span> <span class='ocrx_word' id='word_1_210' title='bbox 958 3191 1049 3275; x_wconf 79' lang='grc'>1539,</span> <span class='ocrx_word' id='word_1_211' title='bbox 1066 3190 1156 3272; x_wconf 89' lang='grc'>1606,</span> <span class='ocrx_word' id='word_1_212' title='bbox 1169 3188 1250 3254; x_wconf 79' lang='grc'>1692</span> 
     </span>
     <span class='ocr_line' id='line_1_27' title="bbox 154 3296 1250 3384; baseline 0 -22"><span class='ocrx_word' id='word_1_213' title='bbox 154 3296 316 3364; x_wconf 86' lang='lat' dir='ltr'><strong>Androm.</strong></span> <span class='ocrx_word' id='word_1_214' title='bbox 336 3297 409 3384; x_wconf 89' lang='grc'>631,</span> <span class='ocrx_word' id='word_1_215' title='bbox 426 3299 540 3366; x_wconf 58' lang='grc'>73311]</span> <span class='ocrx_word' id='word_1_216' title='bbox 576 3300 626 3364; x_wconf 88' lang='lat' dir='ltr'><strong>his</strong></span> <span class='ocrx_word' id='word_1_217' title='bbox 656 3299 749 3365; x_wconf 87' lang='lat' dir='ltr'><strong>lubet</strong></span> <span class='ocrx_word' id='word_1_218' title='bbox 776 3299 898 3365; x_wconf 84' lang='lat' dir='ltr'><strong>addere</strong></span> <span class='ocrx_word' id='word_1_219' title='bbox 923 3297 986 3364; x_wconf 89' lang='lat' dir='ltr'><strong>duo</strong></span> <span class='ocrx_word' id='word_1_220' title='bbox 1009 3299 1142 3381; x_wconf 83' lang='lat' dir='ltr'><strong>scholia,</strong></span> <span class='ocrx_word' id='word_1_221' title='bbox 1166 3319 1250 3383; x_wconf 84' lang='lat' dir='ltr'><strong>quae</strong></span> 
     </span>
    </p>
   </div>
   <div class='ocr_carea' id='block_1_3' title="bbox 153 3404 1251 3497">
    <p class='ocr_par' dir='ltr' id='par_1_3' title="bbox 153 3404 1251 3497">
     <span class='ocr_line' id='line_1_28' title="bbox 153 3404 1251 3497; baseline -0.001 -25"><span class='ocrx_word' id='word_1_222' title='bbox 153 3404 300 3490; x_wconf 88' lang='lat' dir='ltr'><strong>Didymo</strong></span> <span class='ocrx_word' id='word_1_223' title='bbox 338 3407 536 3475; x_wconf 84' lang='lat' dir='ltr'><strong>vindicando</strong></span> <span class='ocrx_word' id='word_1_224' title='bbox 578 3410 659 3475; x_wconf 91' lang='lat' dir='ltr'><strong>nulli</strong></span> <span class='ocrx_word' id='word_1_225' title='bbox 700 3432 859 3497; x_wconf 88' lang='lat' dir='ltr'><strong>generum</strong></span> <span class='ocrx_word' id='word_1_226' title='bbox 904 3431 986 3493; x_wconf 77' lang='lat' dir='ltr'><strong>quac</strong></span> <span class='ocrx_word' id='word_1_227' title='bbox 1030 3407 1127 3473; x_wconf 79' lang='lat' dir='ltr'><strong>statui</strong></span> <span class='ocrx_word' id='word_1_228' title='bbox 1177 3417 1251 3494; x_wconf 86' lang='lat' dir='ltr'><strong>apte</strong></span> 
     </span>
    </p>
   </div>
   <div class='ocr_carea' id='block_1_4' title="bbox 153 3620 1253 4468">
    <p class='ocr_par' dir='ltr' id='par_1_4' title="bbox 153 3620 1253 4373">
     <span class='ocr_line' id='line_1_29' title="bbox 254 3620 1247 3698; baseline 0 -19"><span class='ocrx_word' id='word_1_229' title='bbox 254 3625 289 3679; x_wconf 81' lang='lat'><strong>65</strong></span> <span class='ocrx_word' id='word_1_230' title='bbox 305 3620 424 3698; x_wconf 76' lang='grc' dir='ltr'><strong><em>Ἐχθρόν</em></strong></span> <span class='ocrx_word' id='word_1_231' title='bbox 441 3625 490 3681; x_wconf 79' lang='lat' dir='ltr'><strong>FG</strong></span> <span class='ocrx_word' id='word_1_232' title='bbox 507 3623 589 3680; x_wconf 85' lang='lat' dir='ltr'><strong>Vind.</strong></span> <span class='ocrx_word' id='word_1_233' title='bbox 600 3629 650 3681; x_wconf 82' lang='lat'><strong>281</strong></span> <span class='ocrx_word' id='word_1_234' title='bbox 671 3621 768 3698; x_wconf 82' lang='grc' dir='ltr'><strong><em>νεκρόν</em></strong></span> <span class='ocrx_word' id='word_1_235' title='bbox 787 3626 816 3680; x_wconf 86' lang='lat' dir='ltr'><strong>L.</strong></span> <span class='ocrx_word' id='word_1_236' title='bbox 841 3643 927 3680; x_wconf 91' lang='lat' dir='ltr'><strong>unum</strong></span> <span class='ocrx_word' id='word_1_237' title='bbox 946 3625 1079 3691; x_wconf 85' lang='lat' dir='ltr'><strong>scholion,</strong></span> <span class='ocrx_word' id='word_1_238' title='bbox 1100 3624 1175 3695; x_wconf 91' lang='lat' dir='ltr'><strong>quod</strong></span> <span class='ocrx_word' id='word_1_239' title='bbox 1191 3626 1247 3680; x_wconf 87' lang='lat' dir='ltr'><strong>for-</strong></span> 
     </span>
     <span class='ocr_line' id='line_1_30' title="bbox 153 3720 1252 3792; baseline -0.001 -17"><span class='ocrx_word' id='word_1_240' title='bbox 153 3724 230 3775; x_wconf 69' lang='lat' dir='ltr'><strong>tasse</strong></span> <span class='ocrx_word' id='word_1_241' title='bbox 248 3720 303 3774; x_wconf 73' lang='lat' dir='ltr'><strong>erit</strong></span> <span class='ocrx_word' id='word_1_242' title='bbox 320 3721 368 3790; x_wconf 89' lang='lat' dir='ltr'><strong>qui</strong></span> <span class='ocrx_word' id='word_1_243' title='bbox 386 3722 416 3776; x_wconf 90' lang='lat' dir='ltr'><strong>in</strong></span> <span class='ocrx_word' id='word_1_244' title='bbox 434 3720 506 3776; x_wconf 88' lang='lat' dir='ltr'><strong>hanc</strong></span> <span class='ocrx_word' id='word_1_245' title='bbox 526 3721 626 3780; x_wconf 77' lang='lat' dir='ltr'><strong>cadere</strong></span> <span class='ocrx_word' id='word_1_246' title='bbox 645 3721 861 3792; x_wconf 67' lang='lat' dir='ltr'><strong>orusempuser</strong></span> <span class='ocrx_word' id='word_1_247' title='bbox 874 3720 964 3776; x_wconf 87' lang='lat' dir='ltr'><strong>sciens</strong></span> <span class='ocrx_word' id='word_1_248' title='bbox 981 3721 1167 3790; x_wconf 74' lang='lat' dir='ltr'><strong>praetermisi,</strong></span> <span class='ocrx_word' id='word_1_249' title='bbox 1189 3721 1252 3775; x_wconf 89' lang='lat' dir='ltr'><strong>dico</strong></span> 
     </span>
     <span class='ocr_line' id='line_1_31' title="bbox 153 3812 1252 3890; baseline -0.001 -19"><span class='ocrx_word' id='word_1_250' title='bbox 153 3815 192 3871; x_wconf 76' lang='lat' dir='ltr'><strong>ud</strong></span> <span class='ocrx_word' id='word_1_251' title='bbox 212 3815 309 3887; x_wconf 78' lang='lat' dir='ltr'><strong>Autig.</strong></span> <span class='ocrx_word' id='word_1_252' title='bbox 329 3835 356 3872; x_wconf 86' lang='lat' dir='ltr'><strong>v.</strong></span> <span class='ocrx_word' id='word_1_253' title='bbox 367 3819 420 3872; x_wconf 84' lang='lat'><strong>328</strong></span> <span class='ocrx_word' id='word_1_254' title='bbox 439 3818 519 3872; x_wconf 75' lang='lat' dir='ltr'><strong>reiro</strong></span> <span class='ocrx_word' id='word_1_255' title='bbox 536 3816 590 3890; x_wconf 81' lang='grc' dir='ltr'><strong>γὰρ</strong></span> <span class='ocrx_word' id='word_1_256' title='bbox 607 3812 674 3890; x_wconf 81' lang='grc' dir='ltr'><strong><em>τάχη</em></strong></span> <span class='ocrx_word' id='word_1_257' title='bbox 692 3825 792 3890; x_wconf 67' lang='grc' dir='ltr'><strong><em>κρινεῖς</em></strong></span> <span class='ocrx_word' id='word_1_258' title='bbox 810 3814 902 3873; x_wconf 79' lang='grc' dir='ltr'><strong><em>ἀπιὼν</em></strong></span> <span class='ocrx_word' id='word_1_259' title='bbox 921 3817 936 3872; x_wconf 92' lang='grc' dir='ltr'><strong><em>ὁ</em></strong></span> <span class='ocrx_word' id='word_1_260' title='bbox 956 3815 1089 3889; x_wconf 76' lang='grc' dir='ltr'><strong><em>θεράπων</em></strong></span> <span class='ocrx_word' id='word_1_261' title='bbox 1107 3818 1171 3870; x_wconf 82' lang='grc' dir='ltr'><strong><em>καθ’</em></strong></span> <span class='ocrx_word' id='word_1_262' title='bbox 1191 3817 1252 3870; x_wconf 81' lang='grc' dir='ltr'><strong><em>ἑαυ-</em></strong></span> 
     </span>
     <span class='ocr_line' id='line_1_32' title="bbox 153 3893 1251 3987; baseline -0.001 -21"><span class='ocrx_word' id='word_1_263' title='bbox 153 3909 202 3967; x_wconf 85' lang='grc' dir='ltr'><strong><em>τὸν</em></strong></span> <span class='ocrx_word' id='word_1_264' title='bbox 218 3893 300 3966; x_wconf 80' lang='grc' dir='ltr'><strong><em>ταῦτά</em></strong></span> <span class='ocrx_word' id='word_1_265' title='bbox 325 3919 419 3986; x_wconf 81' lang='grc' dir='ltr'><strong><em>φησίν·</em></strong></span> <span class='ocrx_word' id='word_1_266' title='bbox 446 3911 478 3968; x_wconf 80' lang='grc' dir='ltr'><strong>οὗ</strong></span> <span class='ocrx_word' id='word_1_267' title='bbox 501 3912 555 3984; x_wconf 87' lang='grc' dir='ltr'><strong>γάρ</strong></span> <span class='ocrx_word' id='word_1_268' title='bbox 579 3911 696 3970; x_wconf 81' lang='grc' dir='ltr'><strong><em>δυνατὸν</em></strong></span> <span class='ocrx_word' id='word_1_269' title='bbox 720 3915 767 3970; x_wconf 69' lang='grc' dir='ltr'><strong>ἐπὶ</strong></span> <span class='ocrx_word' id='word_1_270' title='bbox 791 3916 838 3968; x_wconf 82' lang='grc' dir='ltr'><strong><em>τοῦ</em></strong></span> <span class='ocrx_word' id='word_1_271' title='bbox 857 3919 994 3987; x_wconf 77' lang='grc' dir='ltr'><strong><em>Κρέοντος</em></strong></span> <span class='ocrx_word' id='word_1_272' title='bbox 1011 3915 1094 3969; x_wconf 80' lang='grc' dir='ltr'><strong><em>ταῦτα</em></strong></span> <span class='ocrx_word' id='word_1_273' title='bbox 1111 3917 1251 3982; x_wconf 77' lang='grc' dir='ltr'><strong><em>λέγεσθαι,</em></strong></span> 
     </span>
     <span class='ocr_line' id='line_1_33' title="bbox 154 4006 1253 4090; baseline 0 -28"><span class='ocrx_word' id='word_1_274' title='bbox 154 4006 190 4068; x_wconf 80' lang='grc' dir='ltr'><strong>ὠς</strong></span> <span class='ocrx_word' id='word_1_275' title='bbox 208 4011 254 4062; x_wconf 75' lang='grc' dir='ltr'><strong>καὶ</strong></span> <span class='ocrx_word' id='word_1_276' title='bbox 272 4009 303 4064; x_wconf 75' lang='grc' dir='ltr'><strong>ἐν</strong></span> <span class='ocrx_word' id='word_1_277' title='bbox 321 4016 377 4070; x_wconf 84' lang='grc' dir='ltr'><strong><em>τοῖς</em></strong></span> <span class='ocrx_word' id='word_1_278' title='bbox 393 4017 582 4090; x_wconf 82' lang='grc' dir='ltr'><strong><em>κωμικοῖς,</em></strong></span> <span class='ocrx_word' id='word_1_279' title='bbox 609 4029 672 4065; x_wconf 86' lang='lat' dir='ltr'><strong>nam</strong></span> <span class='ocrx_word' id='word_1_280' title='bbox 701 4028 799 4084; x_wconf 85' lang='lat' dir='ltr'><strong>verum</strong></span> <span class='ocrx_word' id='word_1_281' title='bbox 824 4028 884 4066; x_wconf 85' lang='lat' dir='ltr'><strong>esse</strong></span> <span class='ocrx_word' id='word_1_282' title='bbox 901 4015 980 4080; x_wconf 77' lang='lat' dir='ltr'><strong>pulo,</strong></span> <span class='ocrx_word' id='word_1_283' title='bbox 1010 4009 1085 4080; x_wconf 90' lang='lat' dir='ltr'><strong>quod</strong></span> <span class='ocrx_word' id='word_1_284' title='bbox 1102 4008 1253 4064; x_wconf 88' lang='lat' dir='ltr'><strong>secundum</strong></span> 
     </span>
     <span class='ocr_line' id='line_1_34' title="bbox 153 4103 1253 4182; baseline 0.002 -23"><span class='ocrx_word' id='word_1_285' title='bbox 153 4103 331 4162; x_wconf 87' lang='lat' dir='ltr'><strong>Dindorfium</strong></span> <span class='ocrx_word' id='word_1_286' title='bbox 349 4108 445 4163; x_wconf 85' lang='lat' dir='ltr'><strong>scholi.</strong></span> <span class='ocrx_word' id='word_1_287' title='bbox 468 4127 493 4164; x_wconf 90' lang='lat' dir='ltr'><strong>v.</strong></span> <span class='ocrx_word' id='word_1_288' title='bbox 503 4107 529 4162; x_wconf 95' lang='lat' dir='ltr'><strong>II</strong></span> <span class='ocrx_word' id='word_1_289' title='bbox 540 4127 567 4178; x_wconf 89' lang='lat' dir='ltr'><strong>p.</strong></span> <span class='ocrx_word' id='word_1_290' title='bbox 577 4112 611 4164; x_wconf 85' lang='grc'><strong>64</strong></span> <span class='ocrx_word' id='word_1_291' title='bbox 630 4109 772 4165; x_wconf 83' lang='lat' dir='ltr'><strong>Porsonus</strong></span> <span class='ocrx_word' id='word_1_292' title='bbox 790 4127 843 4180; x_wconf 91' lang='lat' dir='ltr'><strong>pro</strong></span> <span class='ocrx_word' id='word_1_293' title='bbox 861 4111 891 4164; x_wconf 77' lang='grc' dir='ltr'><strong>ἐν</strong></span> <span class='ocrx_word' id='word_1_294' title='bbox 910 4115 964 4170; x_wconf 80' lang='grc' dir='ltr'><strong><em>τοῖς</em></strong></span> <span class='ocrx_word' id='word_1_295' title='bbox 980 4115 1110 4182; x_wconf 82' lang='grc' dir='ltr'><strong><em>κωμικοῖς</em></strong></span> <span class='ocrx_word' id='word_1_296' title='bbox 1127 4107 1253 4162; x_wconf 70' lang='lat' dir='ltr'><strong>restituit</strong></span> 
     </span>
     <span class='ocr_line' id='line_1_35' title="bbox 153 4201 1253 4279; baseline 0 -23"><span class='ocrx_word' id='word_1_297' title='bbox 153 4201 185 4257; x_wconf 73' lang='grc' dir='ltr'><strong>ἒν</strong></span> <span class='ocrx_word' id='word_1_298' title='bbox 206 4207 262 4263; x_wconf 78' lang='grc' dir='ltr'><strong><em>τοῖς</em></strong></span> <span class='ocrx_word' id='word_1_299' title='bbox 278 4210 433 4277; x_wconf 61' lang='lat' dir='ltr'><strong>Kapoutan,</strong></span> <span class='ocrx_word' id='word_1_300' title='bbox 455 4209 487 4259; x_wconf 77' lang='lat' dir='ltr'><strong>ut</strong></span> <span class='ocrx_word' id='word_1_301' title='bbox 503 4206 585 4261; x_wconf 86' lang='lat' dir='ltr'><strong>idem</strong></span> <span class='ocrx_word' id='word_1_302' title='bbox 597 4224 648 4278; x_wconf 86' lang='lat' dir='ltr'><strong>pro</strong></span> <span class='ocrx_word' id='word_1_303' title='bbox 667 4213 796 4279; x_wconf 83' lang='grc' dir='ltr'><strong><em>κωμικοῖς</em></strong></span> <span class='ocrx_word' id='word_1_304' title='bbox 810 4206 910 4261; x_wconf 80' lang='lat' dir='ltr'><strong>Pholio</strong></span> <span class='ocrx_word' id='word_1_305' title='bbox 929 4205 1070 4262; x_wconf 77' lang='lat' dir='ltr'><strong>elSuidae</strong></span> <span class='ocrx_word' id='word_1_306' title='bbox 1089 4205 1253 4259; x_wconf 71' lang='lat' dir='ltr'><strong>restitutum</strong></span> 
     </span>
     <span class='ocr_line' id='line_1_36' title="bbox 153 4300 560 4373; baseline 0.017 -22"><span class='ocrx_word' id='word_1_307' title='bbox 153 4301 198 4352; x_wconf 77' lang='lat' dir='ltr'><strong>est</strong></span> <span class='ocrx_word' id='word_1_308' title='bbox 216 4315 237 4354; x_wconf 82' lang='lat' dir='ltr'><strong>s.</strong></span> <span class='ocrx_word' id='word_1_309' title='bbox 255 4315 282 4355; x_wconf 81' lang='lat' dir='ltr'><strong>v.</strong></span> <span class='ocrx_word' id='word_1_310' title='bbox 303 4300 440 4373; x_wconf 78' lang='grc' dir='ltr'><strong><em>Πέρδικος</em></strong></span> <span class='ocrx_word' id='word_1_311' title='bbox 451 4304 560 4362; x_wconf 78' lang='grc' dir='ltr'><strong><em>σκέλος.</em></strong></span> 
     </span>
    </p>

    <p class='ocr_par' dir='ltr' id='par_1_5' title="bbox 253 4395 1215 4468">
     <span class='ocr_line' id='line_1_37' title="bbox 253 4395 1215 4468; baseline -0.003 -17"><span class='ocrx_word' id='word_1_312' title='bbox 253 4398 288 4451; x_wconf 85' lang='grc'><strong>66</strong></span> <span class='ocrx_word' id='word_1_313' title='bbox 306 4395 419 4452; x_wconf 76' lang='lat' dir='ltr'><strong>Partem</strong></span> <span class='ocrx_word' id='word_1_314' title='bbox 435 4396 537 4453; x_wconf 88' lang='lat' dir='ltr'><strong>horum</strong></span> <span class='ocrx_word' id='word_1_315' title='bbox 554 4398 609 4452; x_wconf 83' lang='lat' dir='ltr'><strong>iam</strong></span> <span class='ocrx_word' id='word_1_316' title='bbox 627 4397 744 4468; x_wconf 75' lang='lat' dir='ltr'><strong>collegii</strong></span> <span class='ocrx_word' id='word_1_317' title='bbox 762 4398 800 4452; x_wconf 86' lang='lat' dir='ltr'><strong>M.</strong></span> <span class='ocrx_word' id='word_1_318' title='bbox 823 4396 993 4453; x_wconf 77' lang='lat' dir='ltr'><strong>Schmidlius</strong></span> <span class='ocrx_word' id='word_1_319' title='bbox 1009 4396 1027 4451; x_wconf 89' lang='lat' dir='ltr'><strong>l.</strong></span> <span class='ocrx_word' id='word_1_320' title='bbox 1038 4395 1055 4449; x_wconf 87' lang='lat' dir='ltr'><strong>l.</strong></span> <span class='ocrx_word' id='word_1_321' title='bbox 1075 4415 1101 4466; x_wconf 87' lang='lat' dir='ltr'><strong>p.</strong></span> <span class='ocrx_word' id='word_1_322' title='bbox 1114 4397 1164 4450; x_wconf 83' lang='grc'><strong>281</strong></span> <span class='ocrx_word' id='word_1_323' title='bbox 1174 4412 1215 4464; x_wconf 87' lang='lat' dir='ltr'><strong>sq.</strong></span> 
     </span>
    </p>
   </div>
   <div class='ocr_carea' id='block_1_5' title="bbox 0 0 1518 5020">
    <p class='ocr_par' dir='ltr' id='par_1_6' title="bbox 0 0 1518 5020">
     <span class='ocr_line' id='line_1_38' title="bbox 0 0 1518 5020; baseline 0 0"><span class='ocrx_word' id='word_1_324' title='bbox 0 0 1518 5020; x_wconf 95' lang='lat' dir='ltr'><strong> </strong></span> 
     </span>
    </p>
   </div>
  </div>
 </body>
</html>
