3020 5020
670 379 710 445 31

141 557 267 626 nnllam
282 558 381 626 hahet
397 558 539 644 cogendi
558 559 635 644 vim,
660 581 745 645 cum,
767 558 893 625 etiamsi
915 557 1032 624 desunt
1046 558 1242 626 didascalica
1366 613 1384 644 s

141 669 179 734 in
195 676 306 736 noetm
319 668 551 758 Aristophanis
564 678 758 753 argumento
775 667 889 734 mutilo
905 675 938 733 et
948 668 1129 752 decurtato,
1154 675 1244 734 certe

144 776 179 842 in
203 777 349 862 genuino
369 776 427 844 illo
450 799 519 843 non
539 775 717 842 defuerint.
769 776 995 865 impugnatum
1021 797 1092 842 esse
1115 786 1148 842 et
1170 776 1242 842 aliis

105 956 112 970 .
139 885 177 953 in
195 887 296 954 rebus
313 885 556 954 Dicaearchum
587 887 628 952 ab
657 885 882 972 Aristophane
912 906 954 950 ex
978 885 1146 950 Athenaei
1168 885 1242 951 loco

82 985 88 1004 ¹
138 995 198 1062 III
216 1019 249 1085 p.
261 993 340 1063 de
355 1005 496 1063 constat:
519 989 538 1061 δ
561 994 598 1062 δέ
619 986 858 1083 Ἀριστοφάνης
875 989 997 1083 γράψει
1020 984 1171 1060 circinari
1191 993 1240 1060 λέ-

139 1129 208 1184 πας
227 1103 331 1188 χέλυς,
351 1103 407 1171 καί
428 1126 527 1193 φησιν
549 1095 608 1172 οὐκ
630 1091 667 1170 εὖ
688 1102 884 1188 Δικαίαρχον
907 1097 1118 1186 ἐκδεξάμενον
1140 1101 1243 1189 λέγειν

138 1209 199 1293 τὰς
219 1207 374 1293 λεπάδας.
427 1235 509 1300 quac
539 1213 678 1284 sirecte
703 1221 778 1280 sunt
798 1212 962 1298 disputata
991 1212 1025 1276 in
1046 1222 1241 1298 argumento

138 1321 242 1392 Rhesi
268 1322 351 1390 haec
374 1332 449 1389 sunt
472 1322 618 1390 derivata
648 1343 691 1387 ex
714 1322 953 1409 Aristophane:
983 1319 1017 1388 έν
1037 1320 1149 1405 μέντοι
1170 1325 1243 1400 ταῖς

141 1431 365 1511 διδασκαλίαις
384 1427 429 1511 ὥς
439 1426 569 1520 γνήσιον
583 1423 830 1517 άναγάγραπται,
841 1430 895 1496 καὶ
913 1425 1026 1516 ἡπτρὶ
1044 1415 1085 1495 τά
1097 1425 1244 1516 μετάρ-

140 1563 214 1610 σια
236 1541 272 1610 δέ
294 1541 328 1608 ἐν
351 1533 440 1629 αὐτῷ
471 1535 771 1628 πολυπραγμοσύνη
792 1534 850 1606 τδν
870 1531 1050 1626 Εὐριπίδην
1079 1533 1243 1626 ὁμολογεῖ.

142 1651 336 1739 quibuscum
360 1652 547 1718 conferatur
569 1649 718 1718 scholion
741 1650 818 1717 Alc.
831 1648 893 1714 962
925 1644 989 1734 έγιδ
1014 1649 1068 1715 καί
1088 1645 1142 1716 διά
1162 1643 1245 1732 μοά-

137 1781 219 1840 σαςτ
270 1753 289 1826 δ
317 1754 458 1848 ποιητὴς
490 1753 545 1826 διά
573 1760 634 1826 τοῦ
656 1752 843 1843 προσώπου
865 1757 925 1824 τοῦ
962 1759 1063 1842 χοροῦ
1091 1751 1244 1841 βούλεται

138 1869 244 1952 δεῖξαι
263 1862 342 1936 ὅσον
354 1865 490 1953 μετέσχε
510 1871 570 1956 τῆς
589 1861 812 1945 παιδεύσεως·
845 1863 900 1931 καὶ
921 1865 998 1950 περὶ
1020 1853 1244 1953 μετεώρων

138 1971 326 2067 ἐφρόντισα,
360 1967 434 2045 οἶον
462 1968 696 2064 ἦστρολάγησα,
729 1975 783 2042 καὶ
802 1969 907 2064 ὁρμὴν
929 1974 986 2042 έπὶ
1007 1970 1114 2062 τούτῳ
1137 1971 1243 2058 doxon.

139 2097 288 2154 ceterum
308 2087 347 2171 is,
383 2085 436 2152 cui
465 2085 647 2154 secundum
680 2085 836 2152 debemus
869 2083 973 2150 Rhesi
1002 2093 1244 2171 argumentum,

142 2216 209 2261 non
229 2195 414 2262 censendus
436 2205 487 2262 est
511 2195 582 2284 ipso
597 2196 795 2263 Dicaearchi
813 2196 897 2263 libro
923 2219 1001 2263 usus
1025 2218 1113 2280 esse;
1136 2197 1243 2284 potuit

139 2301 182 2370 de
205 2303 301 2371 huius
324 2304 488 2371 sententia
504 2305 626 2371 certior
646 2305 718 2372 fieri
739 2325 782 2371 ex
797 2305 1030 2392 Aristophane,
1053 2327 1150 2394 quem
1172 2328 1241 2371 non

144 2413 244 2480 modo
279 2412 528 2480 contradixisse
549 2411 764 2498 Dicaearcho,
796 2413 855 2480 sed
879 2435 962 2500 quae
993 2435 1072 2480 vera
1094 2423 1127 2480 et
1148 2413 1241 2480 utilia

141 2523 392 2611 praebentia
430 2547 487 2598 ana
521 2534 715 2614 argumenta
743 2525 912 2613 recepisse
934 2547 975 2590 ex
999 2524 1060 2589 hac
1076 2522 1243 2590 Ranarum
1259 2561 1286 2594 r

141 2632 323 2721 hypothesi
345 2634 532 2700 luculenter
566 2634 645 2700 mihi
668 2633 799 2700 videtur
822 2653 979 2722 apparere
1011 2633 1055 2721 (p.
1070 2631 1243 2718 ataeni-

142 2740 225 2824 dot.)
248 2737 287 2810 τδ
310 2739 346 2810 δέ
361 2742 468 2828 δρᾶμα
489 2746 556 2810 τῶν
568 2730 605 2810 τά
626 2737 713 2808 πάνυ
727 2743 782 2809 καί
800 2738 985 2832 φιλολόγως
999 2740 1243 2829 πεποιημένων.

141 2844 299 2939 ἐδιδάχθη
322 2849 379 2918 ἐπὶ
389 2852 535 2920 Καλλίου
557 2855 617 2920 τοῦ
637 2851 721 2938 μετὰ
742 2844 905 2940 Ἀντιγένη
918 2847 971 2920 διά
986 2850 1168 2918 Φιλωνίδου
1196 2848 1244 2932 εἷς

142 2954 282 3047 Λήναια.
325 2963 460 3046 πρῶτος
481 2947 536 3049 ἦν·
579 2955 733 3045 δεύτερος
756 2953 923 3044 Φράνυχος
947 2953 1117 3038 Μούσαις·
1154 2953 1241 3024 Πλά-

141 3091 209 3134 των
231 3069 341 3155 τρίτος
363 3069 571 3157 Κλεοφῶντι.
605 3063 691 3136 οὕτω
715 3066 751 3134 δὲ
780 3062 983 3155 ἐθαυμάσθη
1002 3063 1041 3136 τὸ
1062 3069 1169 3153 δρᾶμα
1190 3061 1244 3134 διά

141 3172 201 3266 τὴν
222 3175 256 3244 έν
278 3168 366 3264 αὐτῷ
391 3171 586 3262 παράβασιν,
611 3171 697 3244 ὥστε
717 3174 771 3243 καὶ
786 3167 994 3264 άνεδιδάχθη,
1017 3172 1062 3257 ὥς
1083 3198 1165 3267 φησι
1186 3181 1245 3243 Λι-

22 3359 27 3372 !
143 3286 309 3371 καίαρχος.
352 3287 433 3354 haec
458 3287 702 3376 Aristophanen
724 3308 795 3353 esse
817 3285 852 3352 in
880 3287 1054 3376 propatulo
1077 3297 1135 3354 est.
1178 3288 1246 3354 ior-

143 3403 230 3462 tassc
254 3417 297 3461 ex
321 3395 438 3462 eodem
450 3394 654 3463 Dicaearcho
678 3405 806 3482 sumpta
828 3404 903 3461 sunt
925 3417 1008 3482 qnae
1031 3397 1188 3483 leguntur
1210 3397 1244 3462 in

137 3524 209 3590 arg.
232 3504 346 3590 Antig.
376 3499 595 3594 occidenda
624 3503 797 3594 Σοφοκλέα
820 3495 987 3592 ἠξιῶσθαι
1007 3507 1068 3591 τῆς
1090 3504 1124 3572 ἐν
1144 3499 1244 3592 Σάμῳ

143 3611 347 3700 στρατηγίας,
368 3604 625 3701 εὐδοκιμήσαντα
647 3612 681 3680 έν
701 3616 741 3703 τῇ
761 3612 951 3702 διδασκαλίᾳ
973 3617 1030 3701 τῆς
1051 3605 1243 3702 Ἀντιγόνης.

247 3721 403 3790 Ceterum
425 3723 601 3790 admodum
623 3732 673 3789 est
696 3723 867 3810 probabile
890 3732 1023 3811 praeter
1047 3723 1242 3789 Dicaearchi

144 3839 339 3916 argumenta
362 3831 618 3920 Aristophanem
643 3831 740 3898 etiam
775 3832 896 3898 librum
920 3830 989 3897 eius
1012 3831 1091 3917 περὶ
1111 3823 1245 3918 άγώνων

143 3939 177 4005 in
204 3962 299 4008 usum
330 3962 424 4006 suum
460 3940 670 4006 convertisse.
725 3939 825 4004 immo
860 3961 902 4006 cx
924 3940 1121 4008 Dicaearchi
1143 3962 1244 4029 opere

143 4047 223 4134 περὶ
253 4041 405 4126 Ἑλλάδος
442 4047 517 4132 βίου
551 4071 617 4114 non
647 4047 737 4113 nulla
763 4047 943 4134 profecisse
975 4057 1243 4135 argumentorum

144 4159 325 4248 scriptores
351 4167 489 4224 testatur
509 4180 579 4244 arg.
605 4157 740 4224 Med.I:
771 4149 810 4221 τά
842 4154 949 4240 δρᾶμα
970 4155 1062 4221 δοκεῖ
1083 4152 1245 4238 ὑποβαλέ-

144 4271 228 4334 σθαι
258 4263 350 4352 παρά
381 4261 574 4355 Νεόφρονος
601 4259 825 4349 διασκευάσας,
851 4258 898 4342 ὥς
917 4261 1113 4349 Δικαίαρχος
1144 4260 1178 4328 ἐν
1196 4266 1244 4350 τῷ

143 4377 224 4463 περὶ
243 4371 397 4456 Ἑλλάδος
414 4375 490 4462 βίου
509 4376 564 4444 καὶ
586 4368 813 4462 Ἀριστοτέλης
834 4372 868 4442 έν
889 4367 1109 4460 ὑπομνήμασι.
1143 4393 1241 4458 quan·
