3020 5020
682 364 724 430 39

155 535 307 635 eventu),
327 543 409 617 ἄλλά
430 551 557 634 μάλλον
575 553 636 636 τῆς
656 535 963 642 κωμῳδίαςοίκεία·
986 548 1053 618 ἐκεῖ
1073 549 1142 635 γάρ,
1163 543 1202 614 dv
1219 542 1252 614 οί
1317 636 1319 640 ¹

154 655 310 742 δ’χδιστοι
330 646 412 729 ω’σιν
440 659 474 728 έν
498 663 545 746 τῷ
577 654 688 746 μέθην,
722 650 796 726 οἷον
817 650 965 746 Ὀρέστης
993 659 1047 726 καί
1069 653 1253 744 Α’ίμσδος,

154 768 251 856 φίλοι
276 765 439 855 γινόμενοι
469 768 525 836 ἐπί
554 769 709 855 τελευτῆς
735 768 926 854 ἐξέρχονται,
958 768 1012 836 καί
1041 760 1250 854 ἀποθνήσκει

154 869 264 978 apricis
286 875 343 944 ὑπ’
365 869 507 978 οὐδενός.
707 864 709 868 ’

257 986 363 1054 Arc-te
384 1009 458 1052 cum
480 987 530 1054 his
548 985 590 1054 de
612 985 736 1052 comico
758 985 940 1053 fabularum
952 984 1043 1051 exitu
1055 984 1251 1052 observatio·

155 1096 254 1165 nibus
277 1097 467 1180 cohaerent,
489 1116 571 1182 quae
597 1093 638 1160 de
660 1095 800 1181 singulis
820 1095 945 1162 scaenis
967 1119 987 1160 a
1007 1093 1134 1181 tragica
1155 1093 1253 1160 subli-
1327 1167 1329 1176 ¹
1376 1152 1380 1160 .

156 1206 269 1272 mitate
289 1204 404 1271 alienia
424 1204 459 1270 in
475 1204 611 1270 scholiis
630 1214 783 1272 annotata
803 1204 1025 1270 inveniuntur.
1047 1225 1130 1290 quae
1142 1224 1251 1288 quam·

155 1313 300 1386 rislam
332 1337 376 1380 cx
407 1313 456 1380 rei
485 1312 698 1380 similitudine
712 1312 953 1402 'Aristophanis
981 1311 1175 1401 disciplinae
1196 1311 1252 1378 tri·

155 1425 259 1492 huere
289 1423 463 1511 possimus,
495 1432 693 1516 tamennon
719 1422 835 1488 inutile
856 1422 920 1488 erit
940 1445 1041 1489 unum
1063 1407 1270 1510 exemplum'

58 1539 65 1554 ’
154 1533 288 1615 afferre,
311 1533 367 1598 uhi
383 1531 481 1598 etiam
504 1544 677 1598 externum
701 1531 865 1617 quoddam
888 1531 1110 1598 testimonium
1121 1529 1251 1596 Aristo·

154 1640 273 1728 phanis
298 1640 481 1708 doctrinam
502 1640 658 1706 declarat.
682 1640 808 1706 collatis
832 1662 906 1706 cum
918 1639 1151 1727 Aristophanis
1172 1638 1252 1704 iudi·

155 1749 216 1829 cio,
250 1751 338 1836 qnod
367 1750 400 1816 iu
429 1758 625 1835 argumento
650 1750 903 1818 Andromachae
926 1750 1077 1818 restituto
1102 1748 1144 1816 de
1167 1748 1252 1814 Her·

155 1857 286 1949 mionae
307 1858 456 1926 convitiis
477 1859 511 1926 in
533 1859 798 1932 Andromacham
820 1859 929 1926 missis
952 1860 1032 1924 iert:
1056 1857 1090 1924 έν
1110 1861 1158 1946 τῷ
1180 1858 1254 1924 δευ-

153 1967 240 2056 τέρῳ
266 1965 359 2053 μέρει
386 2007 425 2018 -
454 1963 473 2034 ὁ
495 1964 581 2054 πρὸς
602 1959 826 2056 Ἀνδρομάχην
846 1963 943 2053 λόγος
966 1958 1006 2036 σά
1029 1967 1137 2047 καλῶς
1159 1963 1253 2050 ἔχων,

154 2076 195 2142 iis
217 2099 302 2163 quae
325 2077 501 2144 scholiasta
523 2077 564 2142 ad
584 2076 732 2144 eiusdem
751 2077 883 2144 fabulae
908 2101 939 2143 v.
955 2077 996 2142 32
1018 2075 1102 2164 λέγει
1123 2072 1185 2163 γάρ
1208 2071 1254 2155 είς

154 2209 206 2253 νιν
224 2179 411 2276 φαρμάκοις
430 2185 662 2272 κεκρυμμένοις
682 2195 830 2253 annotat:
853 2181 884 2252 οί
908 2181 1042 2274 φαίλως
1063 2183 1253 2271 άπομνημα·

154 2289 323 2380 τισάμενοι
344 2294 516 2380 ἐγκαλοῦσι
537 2299 585 2383 τῷ
606 2285 771 2382 Εὔριπίδη
796 2291 987 2385 φάσκοντες,
1008 2295 1065 2362 ἐπὶ
1090 2299 1254 2381 τραγικοῖς

155 2399 354 2490 προσώποις
373 2404 547 2492 κωμῳδίαν
566 2395 671 2470 adsta
693 2404 936 2472 διατεθεῖσθαι·
958 2407 1115 2490 γυναικῶν
1132 2427 1168 2469 τε
1190 2398 1253 2489 γάρ

157 2509 319 2595 ὑπονοίας
339 2515 406 2580 κατ’
430 2506 581 2602 άλλήλων
602 2514 657 2582 καὶ
678 2509 795 2602 ζήλους
815 2514 869 2582 καί
885 2514 1058 2600 λοιδορίας
1087 2514 1140 2580 καί
1170 2506 1254 2584 άλλα

154 2617 219 2692 ὅσα
240 2620 289 2703 είς
314 2622 489 2710 κωμῳδίαν
517 2624 673 2702 συντελεῖ,
708 2627 810 2692 ταῦτα
840 2619 1059 2707 ἁπαξάπαντα
1091 2628 1193 2692 τοῦτο
1214 2622 1253 2692 τὸ

154 2735 263 2818 δρᾶμα
301 2723 529 2820 άπειληφέναι,
558 2723 758 2819 ἀγνοοῦντες.
799 2727 863 2800 ὅσα
895 2728 958 2819 γάρ
991 2731 1039 2813 εἰς
1073 2736 1254 2823 τραγῳδίαν

154 2843 303 2910 συντελεῖ
334 2843 439 2908 ταῦτα
472 2841 635 2928 περιέχει,
661 2843 719 2910 τὸν
752 2837 899 2910 θάνατον
927 2846 987 2910 τοῦ
1018 2843 1252 2929 Νεοπτολέμου

155 2951 210 3017 καί
245 2953 373 3037 θρῆνον
403 2951 541 3038 Πηλέως
573 2951 606 3018 ἐν
634 2951 735 3036 τέλει,
766 2947 856 3037 άπερ
883 2951 953 3020 ἐστὶ
982 2948 1130 3039 τραγικά,
1163 2963 1254 3041 patet

154 3059 316 3150 primum,
344 3081 410 3145 quo
442 3062 628 3150 pertineant
654 3061 711 3126 illa
740 3065 897 3147 γυναικῶν
930 3086 967 3127 τε
1000 3058 1060 3148 γάρ
1093 3053 1254 3140 ὑπονοίας

155 3169 224 3234 κατ’
246 3161 394 3256 ἀλλήλων
414 3169 469 3236 καί
489 3169 665 3255 λοιδορίας,
693 3170 734 3236 ad
758 3170 1001 3260 obiurgationes
1024 3192 1141 3260 nempe
1165 3172 1254 3238 Her·

156 3277 284 3345 mionac
309 3279 642 3366 Andromacheque,
677 3278 807 3365 deinde,
834 3278 906 3366 quis
929 3279 1029 3345 fuerit
1054 3303 1138 3345 unus
1164 3291 1253 3346 certe

156 3409 200 3454 ex
220 3383 359 3476 φαύλως
381 3383 755 3478 ὑπομνηματισαμένοις.
798 3412 873 3456 nam
896 3387 1135 3478 Aristophanes
1158 3389 1254 3456 illum

155 3497 265 3588 ipsum
285 3498 395 3565 locum
415 3499 585 3566 ambarum
606 3497 783 3566 mulierum
805 3498 1071 3566 altercationibus
1090 3499 1252 3585 insignem

155 3606 333 3692 vituperat,
356 3627 453 3694 quem
466 3607 554 3673 miris
572 3605 703 3695 quidam
714 3607 919 3693 argumentis
942 3607 1121 3674 defendere
1144 3606 1254 3674 studet

156 3714 342 3798 scholiasta,
363 3716 466 3782 multo
488 3717 682 3784 recentioris
704 3716 792 3783 haud
814 3715 997 3782 dubieaevi
1010 3715 1253 3804 grammaticus.

157 3825 329 3890 cuiusnam
352 3825 452 3892 rerba
472 3824 546 3904 sint,
569 3846 653 3912 quse
678 3826 775 3891 affert
805 3819 1001 3914 (φάσκοντες
1010 3873 1121 3891 ......
1123 3829 1136 3907 )
1159 3824 1254 3905 infra,

157 3931 283 3998 clarum
302 3932 368 3998 fiet.
412 3933 465 3998 hic
487 3933 608 4000 sufficit
629 3934 846 4017 intellexisse,
873 3933 1048 4000 oriundum
1071 3954 1144 3999 esse
1170 3933 1254 3998 vitu·

157 4041 285 4131 perium
308 4039 476 4130 Euripidis
506 4042 545 4108 ab
576 4043 813 4130 Aristophane,
853 4043 1028 4131 repetitum
1057 4051 1091 4107 et
1121 4042 1253 4126 lougius
1282 4109 1289 4142 ι

157 4150 344 4238 expositum
373 4153 414 4217 ab
443 4149 547 4217 altero
578 4149 719 4240 quodem
749 4153 974 4236 grammatico,
1009 4153 1184 4217 refutatum
1213 4152 1254 4216 ah
1282 4147 1290 4240 ξ

156 4258 292 4328 homine
312 4259 498 4342 recentiore
518 4260 695 4328 mediocris
715 4260 813 4328 valde
830 4259 964 4347 ingenii.
988 4282 1030 4328 ex
1046 4259 1177 4326 scholiis
1192 4259 1251 4330 So·
1283 4242 1291 4315 l

158 4366 307 4454 phocleis
328 4377 404 4459 apte
425 4367 489 4434 huc
509 4369 647 4436 adscisci
670 4377 805 4458 queunt,
824 4369 944 4459 quibus
960 4367 1080 4436 Teucri
1094 4367 1252 4436 Menelai-
