2994 5018
681 361 718 446 ar

152 543 231 630 περὶ
254 539 426 618 Μενελάου
449 544 503 610 καί
524 543 691 630 Νέστορος
711 544 765 610 καὶ
787 537 1026 632 Ἀγαμέμνονος
1054 549 1107 616 καὶ
1133 544 1249 630 ἁπλῶς
1304 603 1307 610 .

151 653 232 740 περὶ
254 657 313 720 τοῦ
331 645 488 720 ἇπόπλου
510 653 642 738 διέξεισι
663 655 717 721 καὶ
740 659 799 722 τοῦ
821 656 972 743 δουρείου
992 657 1112 724 ἵππου.
1136 647 1247 738 datae

151 788 188 830 τε
211 763 403 850 πολιορκίαν
422 762 551 851 μακρᾶν
572 757 634 832 ov'a
653 755 744 848 ι’ίξιον
766 767 949 854 διηγεῖσθαι
972 759 1085 836 αὐτόν.

253 871 300 936 Vt
320 873 492 938 redeamus
517 873 559 938 ad
577 873 823 962 perlustrandas
851 876 998 941 notiones
1029 900 1047 939 a
1070 876 1248 964 tragoediis

151 979 187 1044 in
210 980 339 1066 epicum
368 1003 499 1048 carmen
528 981 706 1064 translatis,
736 1005 802 1048 non
833 983 978 1050 subsistit
1009 984 1182 1052 scholiasta
1214 986 1247 1052 in

152 1086 347 1153 adhibendis
369 1089 467 1154 meris
488 1089 686 1173 notionibus,
709 1090 766 1154 sod
790 1112 831 1156 ne
856 1093 1002 1157 externis
1027 1093 1158 1179 quidem
1184 1104 1244 1160 tra·

153 1197 347 1284 goediarum
379 1197 532 1263 subsidiis
565 1197 854 1286 instrumentisque
888 1200 1041 1266 destituta
1073 1223 1144 1268 esse
1177 1203 1248 1268 vult

152 1305 298 1370 carmina
308 1302 495 1371 Homerica.
518 1306 647 1396 saepius
661 1306 754 1392 tetigi
772 1308 1044 1394 observationem,
1059 1333 1125 1376 non
1140 1311 1247 1378 omnia

152 1435 238 1498 quac
260 1415 293 1481 in
314 1413 458 1480 dramate
480 1425 621 1502 agantur
644 1414 739 1479 etiam
769 1417 803 1479 in
829 1438 945 1482 scaeua
970 1429 1002 1482 ot
1031 1429 1107 1484 ante
1132 1419 1246 1486 oculos

150 1531 373 1608 spectatorum
386 1524 645 1616 peragi,vorum
658 1523 848 1610 conspectui
863 1545 974 1589 eorum
988 1525 1146 1610 subtrahi,
1163 1548 1247 1611 quae

149 1630 224 1697 visu
246 1631 299 1694 vel
322 1630 418 1696 nimis
442 1630 611 1696 horribilia
637 1632 701 1696 sint
724 1631 777 1697 vel
802 1633 975 1698 obscoena.
1004 1634 1090 1699 redit
1111 1635 1191 1700 haec
1213 1635 1246 1700 in

150 1738 277 1804 scholio
293 1737 381 1804 BLV
397 1739 483 1803 258.
497 1734 619 1825 μισητολ
643 1739 695 1803 καί
716 1731 774 1822 οὐχ
791 1734 975 1825 ἁρμόζοντα
989 1742 1146 1828 βασιλικῷ
1168 1732 1247 1832 ἤδει

149 1843 192 1912 τὰ
209 1841 345 1936 ρῆματα·
366 1841 494 1931 τρόπου
516 1842 579 1932 γαρ
602 1845 797 1913 ἐνδείκνυται
815 1843 1009 1934 θηριότητα,
1031 1845 1049 1915 δ
1075 1849 1243 1936 δὲἀκροα-

149 1960 208 2049 της
231 1951 414 2045 desonam
437 1954 483 2026 dv
500 1964 593 2044 μισεῖ
621 1953 659 2025 τὸ
682 1949 760 2046 δίναν
781 1957 900 2042 πικρὸν
929 1961 982 2027 καὶ
1003 1958 1245 2048 ἀπάνθρωπον.

149 2066 236 2138 ὅθεν
268 2063 326 2134 κᾶν
355 2073 428 2147 ταῖς
457 2068 649 2154 τραγῳδίαις
672 2064 918 2159 κρύπτουσι
939 2068 1016 2150 τούς
1038 2070 1182 2156 δρῶντας
1203 2070 1244 2140 τά

147 2181 285 2246 τοιαῦτα
306 2177 340 2245 ἐν
360 2182 433 2256 ταῖς
455 2182 595 2266 σκηναῖς,
617 2177 671 2244 καὶ
692 2173 712 2266 ἢ
736 2183 894 2268 φωναῖς
915 2202 1030 2246 τισιν
1054 2177 1248 2264 ἐξακουομέ-

105 2325 108 2330 ·
149 2311 220 2366 ναις
241 2282 262 2373 ἢ
281 2286 323 2352 δι’
341 2277 484 2372 οίηγέλιον
508 2280 647 2368 ὕστερον
667 2284 860 2372 σημαίνουσι
874 2281 916 2352 τοὶ
929 2285 1128 2370 πραχθέντα,
1153 2279 1247 2356 οὐδὲν
1346 2301 1350 2310 ’

148 2385 229 2460 litto
260 2389 465 2484 φοβούμενοι
497 2387 519 2479 ἢ
548 2389 592 2480 <ἢ
612 2387 819 2481 φοβούμενοι
845 2392 960 2480 codd>
979 2392 1024 2481 μὴ
1045 2387 1144 2460 αὐτοὶ
1164 2418 1246 2479 συμ-

149 2506 322 2591 μισηδῶσι
338 2509 411 2582 τοῖς
424 2504 648 2589 doctitanter.
670 2503 733 2568 hoo
746 2504 819 2570 loeo
834 2503 1018 2585 discrimen,
1040 2502 1128 2588 quod
1143 2502 1244 2568 inter·

150 2611 270 2680 cedere
295 2613 404 2680 monui
429 2613 514 2678 inter
538 2613 662 2678 scholia
683 2612 882 2698 tragicorum
912 2623 944 2676 ct
971 2613 1146 2706 Homerica
1169 2636 1243 2703 pcr-

151 2745 248 2810 quam
262 2721 389 2804 similia,
411 2721 445 2784 in
467 2720 578 2786 oculos
600 2719 747 2787 incurrit.
772 2719 1009 2808 Aristophanes
1023 2730 1056 2786 et
1067 2721 1243 2810 Didymus,

149 2855 231 2918 quos
255 2831 296 2896 de
319 2829 433 2895 eadem
457 2828 657 2916 tragicorum
678 2828 915 2894 consuetudine
937 2827 1140 2914 disputantes
1162 2829 1242 2894 vidi-

150 2963 231 3019 mus,
257 2938 337 3005 nihil
357 2940 532 3020 observant
545 2936 605 3002 nisi
630 2947 742 3024 poetas
764 2937 897 3034 solers
920 2958 990 3002 rem
1007 2937 1246 3016 itainatituere,

153 3048 360 3136 Porphyrius
391 3057 498 3110 autem
535 3046 589 3110 vol
619 3046 728 3133 potius
757 3067 854 3130 quem
887 3054 961 3130 aqte
993 3045 1106 3110 oculos
1134 3046 1246 3110 habuit

152 3156 350 3246 Aristoteles
372 3177 501 3219 causam
528 3175 546 3217 e
568 3162 685 3217 natura
705 3151 846 3216 humana
860 3152 1032 3242 repetitam
1048 3153 1149 3236 addit,
1175 3177 1247 3218 cur
1305 3145 1307 3151 ’

149 3266 232 3330 hanc
254 3286 402 3328 normam
424 3263 528 3328 secuti
550 3262 613 3326 siut
636 3260 764 3345 tragici.
799 3270 924 3348 spectat
948 3261 1010 3326 hoc
1033 3261 1182 3326 scholion
1205 3261 1245 3326 ad

148 3374 237 3437 illam
260 3393 422 3452 scaenam,
443 3371 497 3437 ubi
520 3371 752 3454 Agamemnon
772 3367 917 3449 fratrem,
943 3369 995 3456 qui
1012 3366 1146 3434 Adrasti
1169 3391 1244 3456 prc-

149 3483 241 3548 cibus
265 3490 445 3548 commotus
471 3479 583 3543 vivum
611 3479 697 3543 hunc
727 3476 768 3542 ad
795 3499 894 3542 naves
924 3478 1078 3542 ducturus
1105 3487 1164 3561 est,
1192 3479 1245 3543 ad·

152 3593 309 3673 hortatur,
337 3611 377 3654 ne
401 3592 487 3654 vitae
511 3588 581 3653 eius
603 3596 724 3676 parcat,
747 3580 871 3651 ‘nullus
894 3585 1110 3674 Troianorum
1134 3588 1245 3676 perni-

148 3701 233 3765 ciem
257 3710 451 3788 nostrasque
471 3698 606 3786 effugiat
622 3719 746 3779 manus,
770 3717 811 3762 ne
823 3696 850 3760 is
864 3695 1008 3782 quidem,
1030 3717 1127 3782 quem
1140 3707 1244 3761 mater

96 3833 99 3842 ’
148 3811 253 3874 fetum
277 3810 351 3873 alvo
373 3801 501 3894 gestet'.
546 3806 650 3894 poscit
680 3804 782 3890 igitur
806 3804 989 3887 scholiasta,
1022 3816 1057 3869 ut
1080 3804 1245 3871 Adrastus

148 3918 239 4004 quasi
262 3930 337 4003 post
360 3939 510 3982 scaenam
533 3924 679 3998 necatur,
713 3923 748 3977 ut
778 3936 847 3978 mos
878 3913 919 3977 sit
948 3913 1157 3996 tragicorum,
1190 3912 1244 3999 qui

153 4081 256 4089 ”““”““’“”’
263 4079 350 4086 ”“”““’“
1127 4079 1137 4104 δ

249 4171 285 4238 80
302 4167 433 4238 Sequitur
451 4166 577 4222 defensio
599 4166 712 4220 Homeri
729 4164 803 4219 haud
820 4164 904 4220 dubio
915 4181 931 4218 a
941 4165 1097 4234 Porphyris
1109 4163 1246 4234 profectu,

147 4266 227 4322 cuius
244 4264 408 4334 primarium
426 4262 657 4326 consiliumeunt,
678 4266 709 4316 ut
726 4261 878 4316 Homerum
898 4265 998 4316 contra
1017 4276 1087 4316 varra
1102 4260 1174 4314 Zoili
1188 4260 1247 4316 Me·

148 4360 269 4417 recretis
291 4360 335 4416 vel
356 4347 451 4430 ipsius¹
464 4358 625 4412 Aristotelis
645 4358 799 4427 opprobria
817 4362 954 4413 tueretur.

1039 4454 1056 4505 6
