2994 5018
639 409 698 472 129

115 587 135 654 ὁ
169 586 266 675 λόγος
297 585 346 656 ότι
376 591 429 656 καὶ
460 585 490 655 οῖ
522 586 687 678 ἔμφρονες
722 591 777 656 καὶ
810 592 1140 684 παρακολουθοῦντες
1171 593 1212 683 τῇ

112 693 213 784 φάσει
242 701 310 764 τῶν
342 695 541 785 πραγμάτων
575 697 666 785 ὅμως
698 696 765 767 όπδ
795 705 862 766 τῶν
895 697 1055 770 τοιούτων
1087 707 1213 770 παθῶν

61 845 64 856 ·
112 806 172 874 έπί
207 803 246 874 τό
272 811 382 893 χεῖρον
413 801 705 890 άπολισθάνουσιν,
741 805 786 888 τός
819 809 874 876 καί
907 809 942 877 έν
976 811 1158 897 Τραχινίαις
1191 807 1211 900 ή

115 910 293 1002 Δηιάνειρα
316 917 394 1002 περί
424 920 483 982 τοῦ
517 914 641 1002 ἔρωτος
671 918 880 1006 διαλεγομένη
912 923 972 985 τοῦ
1001 910 1127 1005 άνδρός,
1159 915 1211 987 ότι

111 1017 203 1111 αὐτῷ
228 1017 289 1090 οόκ
320 1017 544 1112 ἀντιστήσεται
575 1019 651 1093 οόδέ
682 1027 854 1093 λυσιτελεῖ
871 1020 952 1118 αὐτῇ
981 1024 1238 1112 άντιπράττεινῠ

111 1137 154 1222 τῇ
178 1132 343 1222 ἐπιθυμίη
363 1137 423 1201 τοῦ
444 1125 563 1220 άνδρός
583 1134 634 1222 (v.
647 1137 711 1201 445
724 1137 823 1223 sqq),
847 1131 984 1222 πράττει
1006 1135 1090 1222 μετὰ
1110 1141 1211 1205 ταῦτα

110 1237 199 1328 άπερ
219 1233 322 1328 ,αότήν
343 1234 514 1310 ἀνέπεισεν
535 1238 554 1330 ἡ
578 1241 757 1330 ζηλοτυπία
777 1241 827 1329 (v.
849 1245 912 1312 545
930 1245 1029 1332 sqq.)

197 1366 240 1432 ib.
265 1367 323 1430 118
348 1362 427 1456 δρᾷς
446 1359 615 1434 Ὀδυσσεῦε
647 1361 855 1446 παιδευτικός
875 1363 894 1434 ό
916 1364 1014 1454 λόγος
1039 1369 1094 1436 καὶ
1122 1362 1210 1439 όπο-

112 1472 293 1562 τρεπτικός
320 1471 560 1562 ἁμαρτημάτων
591 1475 646 1541 καί
679 1471 733 1541 διὰ
766 1479 863 1543 τοῦτο
895 1463 1046 1564 ἐπίτηδες
1076 1479 1130 1546 καί
1160 1485 1209 1568 τῷ

108 1577 260 1652 Ὀδυσσεῖ
290 1584 345 1650 καί
368 1585 415 1671 τῷ
437 1587 543 1673 θεατή
574 1579 723 1666 ὑπέδειξε
752 1580 810 1650 τόν
829 1579 973 1670 Αἴαντα,
996 1587 1103 1674 δηλῶν
1125 1583 1172 1668 τίς
1190 1584 1208 1656 δ
1223 1609 1256 1660 10

108 1687 277 1781 πρότερον
291 1688 453 1781 φρόνιμος
472 1693 526 1759 καί
544 1689 724 1778 πρακτικός
745 1697 801 1760 νῦν
820 1693 931 1781 ἐξέστη
953 1674 1007 1762 διὰ
1026 1692 1064 1762 τό
1084 1701 1208 1781 θεομα-

107 1805 217 1889 χήσαι.
247 1801 302 1867 καί
324 1805 422 1869 τοῦτο
445 1796 634 1889 δὲὉμήρου
655 1801 829 1885 παίδευμα,
854 1797 906 1868 δτι
926 1801 978 1891 ἐφ’
1000 1795 1054 1882 οἷς
1073 1796 1209 1888 αόχοῦσί

107 1934 197 1989 τινες
216 1904 342 1977 τοότων
367 1914 558 1996 στεροῦνται
580 1906 671 1995 παρὰ
692 1913 759 1975 τῶν
786 1913 888 1990 θεῶν,
918 1906 965 1990 τός
984 1912 1039 1978 καί
1063 1908 1210 2000 Θάμυρις

106 2021 169 2105 τῆς
191 2021 349 2105 μουσικῆς
368 2020 422 2116 καί
444 2012 549 2105 Νιόβη
570 2021 636 2083 τῶν
658 2017 788 2084 τέκνων.

197 2145 269 2213 OT.
292 2145 355 2210 946
386 2139 596 2212 παιδευτικόν
626 2169 658 2210 τι
688 2141 827 2230 ἔγκειται
855 2148 902 2234 τῷ
930 2139 1080 2232 δράματι,
1102 2141 1148 2226 ὥς
1168 2139 1208 2214 οὗ
1223 2169 1255 2220 15

108 2257 163 2322 δεῖ
185 2257 403 2344 καταφρονεῖν
435 2256 501 2318 τῶν
531 2252 646 2320 θείων.
689 2249 722 2320 ολ
750 2250 808 2339 γάρ
829 2257 964 2320 τοιαῦτα
985 2248 1208 2342 φθεγξάμενοι

108 2363 182 2449 μετ’
206 2345 315 2448 ὀλίγον
329 2357 530 2452 φανήσονται
550 2352 620 2429 οἶοί
636 2358 728 2429 εἰσιν.

192 2489 312 2574 Antig.
336 2489 376 2554 75
396 2492 468 2567 τοῖς
498 2482 586 2554 κάτω
608 2492 675 2553 τῶν
696 2483 832 2556 ἐνθάδετ
855 2493 1001 2575 γενναῖον
1020 2491 1077 2557 καὶ
1098 2494 1209 2577 τοῦτο,

108 2595 158 2677 εἰς
178 2592 354 2684 ὑποθήκας
374 2597 547 2664 συντελοῦν
566 2599 623 2684 τῆς
645 2594 728 2681 μετὰ
755 2601 857 2663 ταῦτα
878 2597 1061 2686 ἐπιδημίας,
1085 2596 1137 2667 ότι
1157 2601 1209 2667 δεῖ

109 2694 146 2773 εὖ
179 2705 341 2792 τίθεσθαι
367 2706 571 2793 μεμνημένον
600 2705 724 2775 ἐκείνου
755 2709 815 2774 τοῦ
846 2702 975 2793 χρόνου,
1004 2707 1059 2774 καί
1085 2704 1136 2775 ότι
1157 2708 1209 2775 δεῖ
1217 2727 1257 2792 Ι20

201 2967 275 3022 2ib.
293 2967 346 3021 684
363 2961 421 3018 ἀλλ’
439 2961 516 3038 ἀμφὶ
534 2965 590 3038 μὲν
607 2959 755 3020 τοίτοισιντ
773 2959 825 3035 ὅρα
843 2957 935 3018 πόσον
952 2962 1133 3032 ἐπικρατεῖται
1152 2957 1216 3032 ὑπὸ,

109 3066 158 3119 τοῦ
178 3056 286 3122 πάθους
302 3061 318 3116 ὁ
337 3057 487 3135 λογισμός·
509 3058 576 3116 ότό
593 3055 741 3133 σοφώτατα
757 3060 827 3132 γοῦν
846 3056 940 3124 εἰπὼν,
961 3054 1059 3115 ἑαυτὸν
1075 3055 1188 3130 ἀναιρεῖ.

202 3162 219 3214 3
237 3164 286 3213 καί
302 3157 366 3214 add.
385 3158 416 3213 G.

201 3259 219 3312 4
237 3261 285 3311 καί
303 3256 379 3326 quod
397 3259 462 3310 ante
479 3255 527 3308 τοῦ
545 3249 647 3324 ἀνδρός
663 3253 749 3308 habet
767 3253 790 3306 L
809 3252 907 3309 delevi.
940 3251 1081 3323 particula
1101 3251 1136 3308 de
1155 3269 1206 3308 τοο

110 3355 184 3421 loon,
203 3354 252 3424 qui
269 3357 313 3408 est
331 3356 397 3412 ante
416 3353 447 3407 ἐν
467 3357 633 3423 Τραχινίαις,
651 3349 706 3406 huo
727 3350 843 3406 detrusa
862 3353 914 3405 est.

202 3453 218 3506 7
236 3450 389 3506 seeundum
407 3447 439 3503 G.
452 3446 597 3502 Wolffium
614 3450 737 3500 zeitschr.
755 3451 776 3516 f.
796 3449 905 3501 αλιινιλ.
915 3447 983 3501 1855
1000 3463 1028 3517 p.
1039 3447 1073 3502 57
1092 3445 1127 3501 de
1145 3465 1208 3505 παι·

113 3547 227 3620 δευτικηλ
243 3546 339 3602 Aiacis
358 3545 493 3600 dramatis
507 3543 531 3598 G
547 3543 617 3599 haee
635 3542 729 3607 habet,
748 3559 819 3612 quae
830 3541 992 3596 Dindorfius
1012 3542 1121 3598 omisit:
1139 3562 1208 3614 παρ·

113 3649 185 3700 αινεῖ
200 3641 215 3698 ὁ
233 3643 381 3716 Σοφοκλῆς
398 3639 445 3695 διὰ
463 3641 511 3695 τοῦ
530 3633 669 3712 δράματος
688 3632 792 3704 τοότου,
812 3631 852 3693 ότι
871 3634 904 3691 οὐ
922 3639 966 3692 δεῖ
980 3638 1030 3692 ἐπί
1044 3654 1099 3693 τισι
1117 3635 1208 3710 πράγ-

112 3755 201 3810 μασιν
218 3736 344 3811 ἀμέτρως
363 3741 518 3804 λυπεῑσθαι,
539 3735 575 3796 ὡς
591 3733 632 3809 μὴ
649 3731 747 3790 ταύτόν
763 3753 789 3788 τι
806 3735 844 3805 τῷ
854 3740 953 3790 Αἴαντι
971 3729 1110 3807 πάθοιμεν
1120 3736 1151 3790 ἐκ
1162 3735 1209 3803 τῆς

112 3829 265 3909 άμετρήτου
282 3828 376 3902 λάπης.
412 3839 541 3902 παραινεῖ
563 3833 595 3887 δὲ
619 3835 664 3886 καλ
688 3828 718 3886 τό
737 3828 777 3904 μή
796 3833 923 3890 αἰωνίους
940 3831 1015 3902 ἔχειν
1030 3830 1079 3890 τός
1095 3832 1207 3904 ἔχθρας.

113 3933 234 4004 παριστᾷ
249 3932 306 4005 μὲν
323 3929 373 3987 τὸν
390 3927 523 3988 Ὀδυσσέα
541 3925 648 4002 ἐχθρὸν
664 3928 719 4001 μὲν
735 3921 801 3982 ὄντα
824 3922 919 3998 πρώην
938 3927 985 3982 τοῦ
1002 3931 1131 3994 Αἴαντος,
1153 3927 1208 3982 εἶθ’

111 4024 226 4100 ὕστερον
243 4031 326 4101 φίλον
343 4023 425 4081 αὐτοῦ
442 4030 488 4080 καλ
503 4019 740 4098 διιοχυριζόμενον
758 4021 809 4080 σὺν
825 4025 863 4094 τῷ
883 4016 992 4095 Τιόκριρ
1018 4023 1091 4092 (eod.
1110 4023 1207 4095 τέκρω)

112 4120 206 4196 δάψαι
223 4119 313 4180 αὐτόν.

107 4257 118 4278 .
186 4223 221 4276 14
237 4218 287 4288 τὴν
303 4215 440 4292 μουσικήν
457 4220 481 4275 L
497 4236 569 4276 αοττ.
589 4218 623 4274 V.

185 4321 217 4374 15
235 4318 321 4374 sohol.
336 4317 359 4371 B
377 4317 455 4374 Leid.
476 4324 504 4372 X
517 4317 570 4372 379
594 4311 770 4370 παιδευτικόν
796 4317 841 4368 καλ
859 4315 936 4368 τοῦτο
956 4311 1026 4385 πρὸς
1043 4309 1204 4381 εὐσέβειαν·

112 4414 160 4468 ἐπὶ
176 4408 321 4485 τηλικούτῳ
337 4411 391 4485 γὰρ
408 4407 603 4484 κατορθώματι
620 4407 704 4466 οὐδὲν
720 4403 914 4473 άλαζονεάεται.

1002 4510 1020 4564 9
