3020 5020
822 350 864 421 tt

297 535 398 602 veluti
410 537 535 605 Oeen
556 537 652 625 κέρδη
676 535 735 621 μὲν
751 532 942 625 υίκήσανται
966 536 985 604 ὁ
1005 535 1148 625 ποιητής
1168 533 1393 624 χαριζόμε-

297 667 368 723 νος
385 649 457 724 τοῖς
468 635 658 732 Ἀθηναίοις
678 647 777 712 τοῦτο
798 645 908 735 φησίν.
931 640 1067 716 ἐδόκουν
1084 641 1235 733 γυίρτότι
1247 647 1395 716 Βοιωτοί

296 752 351 820 καί
370 746 545 840 Ἀθηναῖοι
564 749 652 840 πρὸς
671 747 832 841 ἀλλήλους
846 753 1075 844 ἀναφέρεσθαι.
1097 757 1194 846 plura
1207 755 1393 824 videinlre.

395 863 634 952 Aristophanes
656 865 752 932 etiam
763 864 798 930 iu
810 865 961 935 notendis
977 866 1091 934 chori
1107 866 1295 955 persenis
1314 887 1395 936 ner-

298 994 382 1038 mam
393 972 523 1038 videtur
538 974 790 1063 praescripsisse
809 974 1003 1059 scholiastis
1025 998 1090 1062 qua
1110 974 1153 1042 de
1167 974 1220 1042 his
1236 975 1391 1044 ohserva-

297 1081 402 1149 tiones
416 1081 634 1150 instituerent.
657 1093 794 1171 apparet
804 1084 894 1150 enim
905 1094 970 1150 tam
993 1092 1146 1150 constans
1169 1083 1395 1166 haeeacfixs,

297 1190 410 1259 ubiubi
434 1191 633 1259 scholiorum
656 1192 699 1258 de
725 1193 818 1258 cheri
840 1173 989 1281 persenis
1010 1217 1030 1258 a
1051 1201 1149 1280 peets
1168 1190 1324 1260 adhibitis
1344 1190 1394 1260 di·

297 1309 456 1388 sputatur,
478 1311 514 1368 ut
535 1302 575 1368 ab
596 1325 662 1368 une
685 1302 870 1388 eodemque
888 1311 1022 1368 audere
1044 1321 1159 1370 omnes
1179 1301 1257 1368 istus
1278 1301 1396 1368 ohser-

296 1409 445 1475 vationes
464 1409 620 1477 oriundas
641 1432 714 1478 esse
734 1433 801 1478 nen
821 1413 926 1500 possis
951 1435 1018 1480 nen
1038 1433 1187 1480 censere.
1208 1413 1272 1480 tris
1293 1411 1394 1498 potis·

297 1516 414 1584 simum
435 1525 521 1600 sunt,
552 1539 634 1606 quae
655 1542 674 1583 a
696 1521 846 1609 perfecte
869 1519 968 1588 ehoro
991 1519 1205 1610 postulentur.
1249 1519 1393 1606 primum

298 1625 392 1692 cheri
421 1647 593 1713 personae,
625 1627 748 1716 quippe
781 1649 865 1715 quae
900 1650 1030 1717 semper
1051 1649 1127 1694 eum
1148 1637 1311 1714 uanus,
1335 1629 1393 1714 qui

297 1732 417 1804 iustum
451 1757 487 1804 se
519 1746 663 1825 praestet
694 1737 861 1806 hominem
891 1730 960 1822 (αἰί
991 1733 1010 1804 ὁ
1041 1732 1141 1822 χορὸς
1172 1731 1394 1824 παρρησιαζό·

295 1865 394 1927 μινυς
414 1847 475 1912 τοῦ
492 1845 619 1914 δικαίου
643 1845 866 1932 προίσταται),
890 1846 935 1912 ite
965 1845 1087 1912 debent
1109 1867 1183 1914 esse
1202 1846 1338 1922 eleetse,
1358 1855 1395 1914 ut

297 1952 401 2020 libere
430 1955 624 2024 sententiam
652 1976 744 2022 suem
773 1955 919 2042 profiteri
952 1955 1080 2042 possint
1109 1956 1176 2040 (dei
1206 1951 1266 2024 τίν
1293 1950 1395 2040 χαρὰν

297 2059 605 2152 παρρησιάζεσθαι).
628 2075 696 2138 tum
717 2063 837 2132 chorus
852 2064 982 2130 vineole
997 2063 1139 2150 quodam
1157 2063 1227 2132 sive
1249 2085 1394 2132 eommu-

298 2173 350 2240 nis
374 2172 500 2261 patriae
519 2173 589 2238 sive
611 2171 863 2240 necessitudinis
894 2195 968 2240 eum
988 2171 1146 2260 primaria
1167 2171 1299 2238 fabulae
1320 2193 1395 2262 per·

299 2303 380 2348 sena
400 2281 592 2352 coniunctus
614 2303 686 2350 esse
708 2281 817 2365 dehet,
837 2281 882 2348 ita
902 2291 940 2348 ut
958 2280 1097 2350 miseriis
1120 2281 1189 2348 ιίιιι
1211 2280 1396 2350 doloribus·

301 2411 365 2479 qne
388 2400 421 2458 et
441 2390 512 2478 ipse
532 2390 699 2477 affligatur
710 2394 915 2476 (συμπαθῶς
936 2387 1022 2474 ἔχειν
1045 2391 1098 2458 dei
1117 2385 1176 2459 τόν
1193 2385 1318 2476 χορόν).
1340 2390 1397 2458 de·

223 2535 225 2542 ·
299 2500 400 2587 nique
434 2499 581 2568 modesta
610 2500 733 2589 ubique
765 2501 865 2570 debet
892 2499 983 2587 loqui
1016 2499 1148 2583 cherua,
1177 2519 1286 2586 neque
1312 2499 1397 2568 lines

299 2609 414 2694 egredi
429 2608 660 2693 verecundiae,
680 2631 763 2697 quac
786 2629 867 2696 erga
888 2609 1066 2676 nobiliores
1087 2607 1218 2676 fabulae
1238 2629 1397 2697 personas

298 2717 329 2784 ei
351 2719 510 2786 servande
527 2718 569 2785 sit
589 2714 788 2805 (αἰδημόνως
808 2719 861 2788 δεῖ
878 2719 989 2786 λαλεῖν
1001 2705 1060 2786 τὸν
1080 2710 1208 2804 χορόν).
1230 2717 1313 2806 haee
1333 2716 1398 2784 tris

299 2827 462 2916 pestulsta
487 2827 585 2897 modo
617 2827 791 2896 coniuncta
819 2828 855 2894 in
884 2827 1019 2897 scholiis
1047 2825 1270 2906 inveniuntur,
1300 2825 1399 2894 mode

299 2959 401 3006 uuum
423 2959 466 3004 ex
486 2937 528 3007 iis
548 2938 741 3012 alterumve.
770 2937 888 3024 quodsi
911 2939 977 3004 iem
1000 2947 1154 3006 constans
1177 2938 1258 3006 haee
1282 2957 1397 3006 nerms

300 3045 424 3136 optime
446 3047 679 3137 Aristophanis
700 3048 896 3117 observsndi
922 3047 1043 3116 rationi
1071 3046 1261 3136 respondet,
1289 3045 1396 3114 omnis

301 3156 470 3239 dubitatio,
501 3158 579 3244 quiu
605 3167 702 3226 natm
730 3159 794 3228 hae
814 3156 1067 3248 Aristophsueis
1091 3155 1277 3247 praeceptis
1297 3154 1396 3244 erigi·

299 3286 375 3334 nem
397 3265 549 3352 debeant,
572 3289 611 3334 eo
643 3267 782 3349 tollitur,
805 3266 894 3354 qued
917 3269 950 3334 iu
973 3265 1080 3334 trihus
1100 3262 1305 3352 argumentis
1326 3263 1397 3330 eius

301 3377 450 3464 quamvis
469 3377 592 3444 mutilis
614 3387 647 3444 et
668 3376 846 3444 decurtatis
868 3376 965 3444 unius
986 3385 1077 3443 certe
1098 3397 1141 3442 ex
1163 3375 1230 3441 illis
1252 3373 1396 3464 postula·

302 3485 343 3552 tis
364 3485 503 3569 vestigia
520 3495 692 3575 apparent,
713 3483 849 3554 secundi
872 3483 1008 3566 scilieet,
1041 3484 1075 3551 in
1097 3505 1169 3572 arg.
1192 3483 1275 3552 Hee
1297 3477 1319 3550 d
1341 3505 1398 3564 χυ-

301 3589 361 3678 ριίς
379 3593 571 3682 συνέστηκεν
594 3594 631 3662 dat
651 3597 809 3680 γυναικῶν
827 3591 1075 3679 αίχριώατωων
1099 3586 1273 3681 Τρῳάδων,
1300 3611 1398 3674 συμ-

302 3705 567 3790 noeaoeane
577 3728 594 3768 ν
618 3705 658 3794 τῇ
677 3697 814 3794 Ἑκάβῃ,
849 3703 926 3772 Ale.
944 3699 1121 3832 συνέστηκε
1142 3699 1180 3770 ds’
1199 3695 1218 3767 ὁ
1238 3697 1338 3786 χορός
1359 3695 1397 3766 ta

301 3834 400 3878 τινων
421 3815 616 3896 πρεσβυτῶν
637 3810 808 3896 ἐντοπίων,
840 3806 877 3878 os*
899 3810 952 3878 καί
975 3809 1210 3896 παραγίνονται
1228 3829 1398 3891 συμπα-

303 3916 514 4010 &deesses
532 3927 606 4002 ταῖς
627 3913 838 4010 Ἀλκήστιδος
857 3923 1106 4010 συμφοραῖς,
1132 3916 1190 3986 Or.
1202 3911 1221 3984 d
1242 3915 1280 3986 di
1299 3915 1399 4002 χυρὸς

302 4029 495 4118 συνέστηκεν
515 4029 550 4098 hs
574 4033 731 4162 yemapis
749 4023 905 4116 Ἀργείων
925 4025 1140 4118 ἡλικιωτίδων
1160 4019 1345 4112 Ἠλέκτρας,
1363 4020 1402 4092 et*

304 4140 358 4208 καί
380 4138 613 4228 παραγίνονται
630 4135 714 4227 ὑπὲρ
734 4165 818 4227 spo
803 4163 862 4206 του
849 4129 1021 4224 Ὀρέστου
1037 4131 1285 4222 πυνθανόμεναι
1305 4157 1397 4220 συ-μ

304 4251 450 4340 φορᾶς.
473 4248 637 4318 interdum
660 4248 716 4316 vel
736 4246 963 4316 sademverbs
982 4246 1192 4336 reperiuntur
1208 4243 1397 4328 iusoholiis‚

304 4379 388 4448 quise
409 4379 473 4448 ege
494 4359 539 4426 ita
559 4359 720 4446 recensui,
741 4368 779 4427 ut
797 4361 904 4452 primo
928 4359 1002 4428 loeo
1023 4382 1184 4451 ponerem
1206 4382 1256 4446 es,
1276 4359 1333 4430 sbi
1354 4357 1396 4428 de
