2994 5018
653 387 695 454 93

126 568 353 657 αἰχμαλώτους
372 563 491 660 άνδρας
510 564 580 659 άγει
601 573 655 640 καί
675 568 717 638 τὰ
737 569 840 640 λοιπά
858 572 1004 657 ποίμνια·
1023 572 1169 641 πιθανόν
1188 573 1225 641 δὲ

127 683 183 748 καὶ
205 688 307 750 τοῦτο
330 687 562 770 προειρῆσθαι,
589 683 651 763 ίνα,
687 679 765 750 ὅταν
794 679 874 771 εἴπῃ
903 677 923 768 ἡ
952 681 1125 769 Τέκμησσα
1146 685 1224 778 περὶ

127 795 189 858 τοῦ
209 795 313 879 κριοῦ,
335 787 622 878 προεπιστάμεθα
641 797 753 860 τοῦτο.

212 901 362 970 Είεοίε.1
384 939 426 952 -
446 898 575 971 ἅπαντα
599 903 636 970 δέ
656 898 735 990 ἡμῖν
756 901 955 990 φιλοτέχνως
976 901 1010 968 δν
1030 905 1144 988 βραχεῖ
1166 901 1220 968 δε-

126 1007 275 1099 δήλωκεν
298 1007 316 1077 ό
339 1007 486 1099 ποιητής·
509 1009 568 1077 τόν
588 1006 695 1078 τόπον
710 1014 776 1098 τῆς
798 1015 924 1098 σκηνῆς·
949 1007 1008 1076 τόν
1028 1007 1156 1097 τρόπον
1178 1005 1256 1090 ώςυ

125 1120 312 1205 παρέλαβεν
332 1112 436 1188 αὐτόν
456 1120 548 1205 παρά
571 1124 629 1208 τῆς
650 1113 797 1210 α’δελφῆς
817 1119 871 1186 καὶ
893 1115 979 1205 πρός
992 1116 1050 1188 τόν
1061 1115 1227 1209 Στρόφιον

126 1229 274 1313 ἐξέθετο,
302 1229 361 1297 τδν
389 1225 503 1315 καιρόν
528 1215 612 1316 ίνῷ
642 1225 795 1316 πάρεισιν
815 1226 862 1308 εἰς
883 1228 941 1309 τάς
962 1223 1136 1318 Μυκήνας·
1168 1227 1226 1300 τδν

124 1334 274 1422 συνόντα,
296 1334 350 1406 ὅτι
362 1334 522 1426 Πυλάδης·
547 1339 629 1428 φησὶ
648 1336 708 1424 γάρ
730 1337 919 1406 άποκατιών
937 1336 1225 1428 <ε.16>“Πυλάδη,

124 1449 160 1515 τί
179 1445 239 1535 χρῆ
261 1450 342 1534 δρᾶν
361 1449 395 1516 ἐν
416 1444 507 1532 τάχει
526 1443 740 1532 βουλευτέσν’.

209 1559 253 1624 ib.
276 1545 385 1625 ιότσιῖ
401 1553 696 1645 στρατηγόσαντοςι
717 1555 878 1636 πολλάκις
895 1561 1155 1645 παρετηροῦμεν,
1174 1553 1225 1624 ότι
1241 1578 1274 1630 10

125 1659 160 1730 οἱ
183 1662 319 1729 παλαιοὶ
339 1658 381 1728 τά
403 1659 574 1730 συνεκτικὰ
595 1667 663 1730 τών
676 1660 876 1732 ὑποθέσεων
887 1664 921 1732 ἒν
939 1657 1054 1749 ἀρχαῖς
1072 1660 1152 1751 ἡμῖν
1171 1666 1223 1752 δη·

123 1773 248 1841 λοῦσιν.
270 1772 324 1840 καὶ
345 1777 402 1840 νῦν
420 1774 517 1860 δηλοῖ
537 1773 622 1859 πρδς
642 1773 715 1856 τίνα
739 1770 757 1840 ό
778 1770 883 1860 λόγος,
905 1770 989 1859 ὅπερ
1002 1762 1226 1861 ἧνάναγκαῖον

124 1877 322 1967 πρόσωπον.

210 1991 253 2057 ib.
277 1992 319 2056 32
338 1987 392 2058 διὰ
409 1994 469 2077 τῆς
479 1986 657 2078 διηγήσεως
669 1987 787 2077 ταύτης
800 1987 838 2058 τό
860 1992 978 2060 λεῖπον
996 1996 1056 2080 τῆς
1078 1989 1224 2080 ἱστορίας

125 2094 450 2187 προσανεπλήρωσαν
470 2095 559 2187 ἡμῖν.
1241 2120 1273 2173 15

211 2209 255 2275 ib.
274 2210 316 2274 94
335 2204 399 2276 δ’σα
419 2208 477 2297 τήν
498 2205 674 2296 δόστηνσνε
697 2205 779 2276 κατά
801 2207 903 2297 βραχδ
921 2211 1098 2280 δνδείκνυσι
1113 2211 1154 2277 τὰ
1164 2215 1225 2298 τῆς

125 2314 333 2398 ὑποθέσεως.
357 2315 431 2386 ἰδσδ
454 2315 513 2405 γὰρ
537 2315 691 2405 ἔγνωμεν,
713 2314 764 2386 ότι
784 2312 908 2410 άδελφή
932 2325 991 2388 τοῦ
1002 2313 1150 2408 Ὀρέστου
1171 2322 1225 2387 καῖ

124 2423 181 2494 διά
203 2425 237 2492 τί
256 2431 384 2513 θρηνεῖ.
407 2427 487 2514 πρὶν
514 2423 573 2513 γάρ
603 2418 828 2518 η’μφιβάλλετσ
857 2426 923 2495 εἴτε
954 2419 1114 2515 Ἠλέκτρα
1136 2428 1224 2496 ἐστὶν

125 2531 194 2602 εἴτε
217 2530 421 2620 πρόσπολος.
533 2599 537 2604 ,

211 2644 280 2712 OT.
300 2647 338 2710 14
365 2643 476 2740 ἐντῷ
506 2640 629 2732 πρώτῳ
658 2640 745 2732 λόγῳ
769 2641 953 2732 ἐγνώκαμεν
971 2643 1010 2714 τό
1033 2640 1139 2732 όνομα
1161 2651 1274 2722 τσῦρο
1334 2703 1341 2714 .

127 2749 308 2832 Οἰδίποδος
328 2753 382 2820 καλ
403 2749 456 2821 ότι
477 2758 614 2834 παιᾶνες
632 2751 717 2822 εῖσῖν
737 2755 771 2821 ἐν
784 2759 824 2846 τῇ
838 2752 947 2844 πόλει.
969 2760 1025 2822 νῦν
1041 2755 1077 2825 δὲ
1098 2753 1152 2823 διδ
1166 2761 1223 2845 τῆς

53 2881 62 2892 ’
127 2859 277 2944 ἔντε’χνου
300 2861 539 2949 έπεξεργασίας,
563 2859 614 2930 ότι
636 2855 692 2930 καί
710 2860 876 2948 βασιλεδς,
897 2865 951 2932 καί
965 2861 1024 2952 τὴν
1040 2861 1147 2932 αἰτίαν
1159 2870 1225 2932 τῶν

125 2966 283 3037 παιάνων.
306 2969 500 3059 προαγωγὸν
521 2971 557 3039 δὲ
576 2970 625 3052 εἷς
644 2968 758 3039 πειθώ
780 2973 820 3039 τδ
842 2974 1028 3058 προοίμιον.

209 3082 253 3147 ib.
276 3081 317 3147 33
339 3073 379 3149 οδ
400 3077 503 3164 μόνον
523 3069 581 3148 σόν
602 3076 648 3160 ώς
667 3081 828 3165 βασιλέως
840 3082 978 3168 δίοποι,
996 3077 1082 3151 α’λλά
1100 3085 1154 3152 καὶ
1167 3108 1225 3152 σσ-

126 3194 204 3279 φοῦ.
246 3188 328 3256 κατὰ
354 3186 459 3276 βραχδ
491 3191 527 3258 δὲ
552 3187 780 3279 παρεμβάλλει
801 3190 879 3279 ἡμῖν
903 3189 922 3260 ό
944 3192 1082 3282 ποιητής
1105 3189 1146 3259 τά
1167 3197 1225 3280 τῆς
1238 3210 1273 3262 25

126 3295 273 3384 ἱστορίας
293 3302 357 3366 τοῦ
380 3297 569 3381 Οἰδίποδος.
942 3337 944 3342 ’

210 3407 326 3494 Antig.
350 3408 410 3479 155
432 3447 471 3458 -
494 3405 678 3497 παρετήρει
699 3409 735 3478 δὲ
759 3407 810 3478 ότι
832 3407 939 3501 πάντῃ
967 3411 1132 3496 ἐπιμελῶς
1152 3413 1222 3479 δια-

123 3516 246 3602 γίνεται
264 3516 371 3603 δηλῶν
392 3512 470 3604 ἡμῖν
489 3513 530 3583 τά
550 3513 725 3605 πράγματα
746 3518 765 3586 ὁ
785 3520 935 3607 ποιητής,
958 3515 1043 3588 ώστε
1057 3516 1224 3606 έσπάρθαι

124 3623 186 3708 μὲν
207 3616 294 3691 αότοῖ
312 3626 367 3691 καὶ
385 3629 607 3711 παρακεῖσθαι
626 3624 749 3715 ἑτέροις
768 3624 975 3713 προσώποις,
997 3624 1103 3695 πάντα
1119 3629 1156 3697 δὲ
1170 3631 1223 3716 δη·

125 3735 279 3802 λοῦσθαι.
428 3767 431 3776 ·
1238 3757 1273 3810 30

209 3843 320 3910 Prom.
344 3843 405 3911 193
425 3841 484 3932 τὴν
505 3839 674 3912 όπόθεσιν
698 3841 899 3930 βουλόμενος
919 3842 1044 3929 διδάξαι
1066 3843 1106 3913 τό
1129 3847 1223 3930 περί-

124 3977 220 4046 εργον
242 3955 305 4020 τοῦ
325 3948 543 4039 γυναικώδσυς
565 3944 671 4042 ἤθους
692 3955 905 4042 προσέλαβεν.

200 4139 234 4193 18
251 4143 318 4210 πρὶν
333 4136 389 4210 γάρ
408 4167 442 4182 -
460 4133 621 4210 πρόσπολος
638 4139 701 4195 add.
721 4140 755 4196 H.
800 4147 803 4152 '

198 4237 232 4289 23
250 4229 341 4290 πειθώ
359 4233 527 4291 vocabulum
543 4234 597 4289 hoe
615 4235 679 4291 loco
696 4236 807 4291 mirum.
827 4254 924 4292 sensus
939 4239 1059 4308 requirit
1076 4235 1222 4310 ὑπόθεσιν,

125 4331 202 4402 quod
220 4331 386 4401 compendio
405 4333 543 4403 scriptum
561 4333 681 4389 βοήσετε
699 4332 772 4389 falso
793 4334 863 4404 legit
879 4334 1020 4391 librarius.
