3020 5020
666 375 721 446 ss·

238 568 418 654 Quousque
437 568 542 652 igitur
565 589 624 632 uos
647 587 821 655 possumus
852 564 1009 654 progredi
1032 565 1067 632 in
1086 585 1236 654 perseru-

135 677 245 744 tandis
266 678 383 742 harum
404 677 589 743 litterarum
608 675 827 759 incunabulis,
849 673 1089 764 Aristophanes
1104 675 1237 760 Byzan-

135 787 202 854 tius
223 787 250 852 is
271 796 332 870 est,
354 787 410 872 qui
433 784 558 873 primus
581 785 667 850 inter
685 783 916 870 grammaticos
936 784 976 850 ad
1001 793 1105 850 artem
1125 793 1237 872 poeta·

136 917 209 962 rum
227 896 453 962 scaenicorum
475 893 707 960 aestimandam
729 894 872 960 animum
895 894 1076 960 adverterit
1097 915 1236 979 eamque

98 1071 101 1078 Α
137 1014 227 1071 certa
250 1003 518 1090 quadamnorma
541 1002 740 1090 explicuerit
761 1025 825 1068 non
839 1003 880 1068 ad
893 1001 1118 1094 diiudicandae
1138 1025 1235 1088 quae-

100 1111 104 1116 ’
138 1113 261 1180 stiones
285 1112 423 1195 criticas,
447 1112 605 1178 namhoc
637 1111 702 1178 iam
723 1122 799 1178 ante
823 1135 897 1178 eum
919 1111 953 1179 in
977 1112 1122 1179 Homero
1145 1135 1237 1201 prae·

137 1222 234 1312 cipue
257 1223 378 1289 factum
393 1221 553 1305 videmus,
575 1229 632 1287 aut
648 1229 685 1287 ut
704 1222 965 1288 narratiunculas
979 1225 1131 1307 referret,
1155 1243 1237 1310 quae

137 1331 312 1420 splendida
345 1331 472 1416 ingenii
502 1353 601 1419 opera
637 1354 679 1398 ex
712 1342 849 1398 externo
877 1332 963 1421 apud
996 1331 1237 1400 multitudinem
1352 1345 1360 1360 ·

138 1462 291 1507 successu
313 1440 481 1506 aestimata
503 1440 720 1523 celebrarent,
755 1439 813 1505 sed
835 1449 872 1505 ut
894 1440 955 1507 sibi
979 1439 1117 1526 aliisque
1138 1440 1237 1504 virtu-

137 1560 187 1617 tes
210 1551 333 1637 pariter
353 1559 451 1637 atque
472 1547 748 1630 vitiaiabularum
771 1559 847 1616 ante
871 1551 982 1616 oculos
1001 1557 1150 1638 poneret,
1172 1569 1237 1633 quo
1254 1561 1286 1594 ν

138 1659 269 1744 singula
294 1679 443 1745 quaeque
459 1658 580 1726 rectius
595 1657 880 1745 intellegerentur.
925 1668 957 1724 et
983 1668 1032 1724 sat
1058 1658 1167 1746 ampla
1188 1665 1239 1723 est

137 1789 250 1836 rerum
274 1767 459 1852 multitudo,
482 1789 560 1853 quas
577 1767 617 1832 ad
641 1777 743 1833 artem
762 1778 949 1855 spectantes
972 1768 1025 1832 vel
1048 1767 1081 1832 in
1103 1765 1234 1854 exiguis

137 1878 227 1946 illius
254 1876 403 1965 reliquiis
425 1885 578 1942 tractatas
600 1877 817 1965 repperimus.
860 1885 1091 1965 comparantur
1113 1876 1237 1942 fabula-

139 2009 224 2072 rum,
244 1987 278 2052 in
299 1986 415 2074 quibus
430 1985 517 2051 idem
533 1994 798 2072 repraesentatur
818 1985 961 2072 mythos,
984 1984 1175 2052 oeconomia
1196 1987 1237 2052 ab

142 2095 216 2162 aliis
237 2095 344 2182 poetis
365 2094 460 2159 aliter
481 2094 639 2172 instituta,
667 2093 850 2182 disputatur
873 2093 913 2160 de
936 2095 1085 2182 prologo,
1109 2092 1238 2178 signifi-

144 2212 236 2268 catur
267 2203 378 2290 paneis
405 2203 513 2268 exitus
547 2201 711 2283 dramatis,
746 2211 901 2268 notentur
931 2202 1079 2290 singulae
1102 2222 1238 2269 scaenae

140 2323 207 2378 tam
229 2312 414 2400 praeclarae
447 2320 481 2378 et
514 2311 728 2378 admiratione
750 2310 882 2396 dignae,
917 2334 1012 2399 quam
1036 2313 1143 2378 miuus
1166 2333 1238 2399 per·
1285 2339 1289 2348 ⁴

140 2422 247 2487 fectae
272 2431 305 2486 et
333 2421 480 2503 vitimae,
514 2423 707 2486 observetur
737 2420 779 2486 de
801 2441 1014 2509 personarum
1035 2419 1197 2486 moribus·
1208 2428 1240 2484 et

140 2529 287 2618 ipsorum
311 2539 455 2596 actorum
483 2539 517 2594 et
539 2551 663 2612 eorum,
684 2551 727 2594 ex
754 2531 872 2614 quibus
896 2530 1015 2596 chorus
1039 2529 1238 2615 compositus

142 2649 203 2719 est,
226 2640 373 2724 tangitur
394 2639 503 2722 ctiam,
528 2661 625 2724 quem
650 2639 749 2705 finem
771 2648 899 2726 spectet
922 2638 1044 2716 drama,
1072 2637 1240 2722 assignan-

140 2755 195 2812 tur
216 2747 358 2834 denique
394 2747 525 2814 fabulae
557 2769 618 2836 pro
652 2769 709 2813 sua
739 2767 887 2832 quaeque
918 2745 1119 2834 praestantia
1141 2745 1240 2810 certis

143 2855 336 2943 quibusdam
371 2857 540 2924 elassibus.
638 2937 641 2946 ,
1233 2875 1235 2880 '

241 2967 312 3032 Iam
343 2977 489 3032 nostrum
520 2976 569 3033 est
594 2986 762 3051 quaerere,
795 2987 872 3032 num
903 2967 937 3032 in
967 2965 1170 3049 argumentis
1191 2986 1240 3030 re·

142 3072 324 3138 centiorum
349 3074 637 3157 grammaticorum
666 3063 842 3140 scholiisvb
865 3055 999 3139 elecem
1032 3073 1241 3158 quaestiones

142 3181 350 3248 inveniantur
369 3183 548 3268 institutae,
576 3204 654 3270 quas
675 3186 716 3250 ab
739 3182 964 3272 Aristophane
996 3182 1112 3270 partim
1138 3191 1241 3246 motas

142 3291 261 3380 partim
283 3293 404 3358 solutas
424 3292 585 3359 videmus.
630 3315 708 3377 quas
731 3291 757 3358 si
781 3291 1012 3374 invenerimus,
1048 3290 1240 3356 habebimus

141 3399 253 3482 etiam,
280 3399 320 3465 ad
351 3421 524 3486 quemnam
556 3407 723 3466 auctorem
747 3422 800 3466 eas
823 3399 1037 3465 referamus

611 3616 808 3624 ...—-.---.--

248 3782 498 3850 Proficieeamur
526 3807 544 3848 a
565 3783 808 3871 comparatione
832 3782 899 3864 illa,
930 3805 1025 3868 quam
1049 3781 1242 3870 Aristopha-

146 3913 204 3958 nes
226 3891 314 3958 inter
342 3891 518 3981 Sophoclis
543 3891 774 3978 Euripidisque
808 3891 1011 3976 Antigonum
1038 3889 1178 3956 instituit
1209 3889 1242 3953 in

91 4087 95 4096 ὓ
144 4023 213 4086 arg.
229 4000 262 4066 Il
276 4005 322 4066 B:
356 4005 459 4066 κεῖται
484 3998 714 4088 sipontinensis
737 3999 791 4066 καὶ
813 3993 904 4084 παρὰ
924 3991 1086 4088 Εὐριπίδῃ
1117 3997 1151 4064 ἐν
1171 3990 1242 4063 Ἀν-

147 4137 345 4148 mue—um

143 4195 248 4276 dputes
266 4205 301 4258 ds
320 4205 376 4258 lora
396 4199 516 4259 καθόλου
542 4203 716 4274 ἡοῐκονομία
744 4202 775 4257 ἐν
793 4201 831 4271 τῷ
850 4195 977 4273 δράματι,
1003 4196 1040 4258 eir
1057 4194 1146 4254 οὐδενὶ
1164 4191 1244 4252 ἄλλου

142 4295 257 4372 σχεδόν,
276 4301 352 4369 quod
368 4319 402 4356 ex
420 4301 549 4356 breviore
570 4297 766 4369 Aristophanis
785 4297 865 4352 fluxit
889 4296 920 4351 ab
941 4296 973 4350 dl
993 4295 1087 4366 δρᾶμα
1104 4293 1159 4348 τῶν
1176 4299 1242 4346 eav-

144 4397 269 4468 μαστῶν.

1043 4489 1059 4542 3
