3020 5020
685 395 725 460 ta

153 583 292 653 similius
314 592 375 669 est,
405 603 472 650 non
493 594 558 648 tam
583 605 624 648 ex
648 560 855 672 propriorum
879 583 1059 650 studiorum
1090 583 1249 651 fructibus

152 704 250 781 qutm
279 713 321 759 ex
350 691 523 759 uberrimis
555 703 588 758 et
616 693 820 760 inexhaustis
851 702 1002 760 veterum
1033 694 1248 782 interpretum

152 801 456 870 Alexandrinorum
477 803 579 892 copiis
601 802 828 888 thesaurisque
854 824 992 890 poeseos
1009 804 1158 870 Graecae
1182 828 1248 872 mo·

152 921 310 978 numenta
331 933 406 977 eum
429 912 620 978 illustrasse.
664 911 821 977 eiusmodi
851 912 953 978 fuisse
978 934 1120 1001 operam,
1154 935 1249 999 quam

151 1020 367 1110 scriptoribus
389 1020 595 1109 explicandis
616 1022 671 1087 ille
702 1021 804 1100 daret,
829 1022 863 1085 in
886 1021 958 1086 aliis
982 1022 1080 1088 rebus
1101 1022 1167 1086 iam
1189 1023 1247 1087 dn·
1312 1002 1317 1011 ’
1355 1067 1358 1072 ι

151 1129 231 1195 dum
253 1130 334 1195 viris
355 1129 460 1196 doctis
484 1153 676 1220 persuasum
699 1144 757 1196 est.
780 1130 897 1216 quodsi
913 1131 947 1196 in
963 1153 1035 1196 mea
1050 1153 1146 1197 causa
1160 1131 1248 1196 idem

151 1259 281 1305 sumere
303 1239 392 1324 licet,
414 1238 460 1305 ita
481 1240 553 1306 fere
575 1239 764 1305 definienda
786 1240 849 1305 erit
860 1238 999 1325 Didymi
1025 1261 1135 1328 opera.
1179 1242 1246 1327 ple·
1312 1287 1332 1302 „

150 1347 265 1433 risque
289 1348 383 1431 locis,
403 1347 459 1413 ubi
482 1349 515 1412 in
538 1347 671 1413 scholiis
694 1348 875 1434 Didymum
899 1348 1176 1435 deprehendimus
1200 1374 1248 1436 ar·

149 1459 193 1524 tis
228 1455 373 1546 poeticae
403 1457 654 1540 aestimatorem,
686 1457 918 1544 Aristophanis
947 1458 1000 1522 vel
1033 1457 1164 1544 signum
1194 1459 1254 1558 vel,

151 1567 416 1633 observationem
437 1575 474 1631 nt
494 1578 592 1632 notae
606 1565 792 1653 Didymaeo
818 1565 1068 1632 fundamentum
1090 1566 1247 1632 debemus

150 1697 341 1761 agnoscere.
366 1675 440 1741 huic
462 1674 674 1740 fundamento
698 1697 788 1741 suam
812 1675 1032 1763 superstruxit
1057 1675 1248 1763 disputatio·

150 1807 226 1850 nem
262 1784 427 1870 Didymus
459 1785 637 1872 explicans,
674 1807 756 1873 quoe
790 1796 960 1851 notaverat
996 1785 1244 1872 Aristophanes,

152 1893 305 1982 exempla
326 1893 480 1976 afferens,
516 1915 598 1978 quae
627 1904 736 1959 notam
766 1895 978 1976 illustrarent,
1009 1894 1134 1959 addens
1164 1915 1246 1979 quae

148 2003 220 2090 ipse
235 2003 381 2068 sentiret.
406 2025 501 2090 quam
514 2003 575 2067 hac
588 2003 712 2070 ratione
728 2003 787 2070 sibi
801 2003 942 2068 finxerat
961 2004 1157 2069 observandi
1171 2025 1246 2069 nor-

151 2121 249 2194 mam,
265 2131 337 2176 eam
350 2111 390 2176 iis
410 2133 541 2198 quoque
553 2112 632 2178 locis
649 2111 807 2196 adhibuit,
828 2112 943 2198 quibus
965 2113 1094 2178 nullum
1115 2112 1245 2198 signum

149 2220 393 2308 Aristophanes
414 2231 610 2308 apposuerat
633 2243 694 2286 nec
716 2221 821 2310 potuit
844 2243 1022 2312 apponere,
1052 2221 1154 2287 veluti
1188 2221 1243 2287 ubi

147 2328 287 2415 Didymi
323 2330 505 2395 observatio
547 2329 681 2396 alterius
722 2331 853 2396 demum
898 2330 1001 2396 critici
1040 2330 1245 2397 animadver-

147 2437 240 2502 sione
264 2447 437 2523 provocata
460 2448 517 2502 est.
561 2449 594 2502 at
626 2459 757 2526 semper
782 2439 936 2527 exemplo
960 2441 989 2504 ei
1014 2440 1147 2505 fuerunt
1170 2441 1246 2505 Ari-

149 2546 315 2634 stophanis
344 2547 588 2644 observationes
619 2567 727 2634 neque
757 2547 843 2614 ullus
872 2558 962 2614 extat
989 2550 1092 2630 locus,
1126 2549 1179 2616 ubi
1205 2548 1245 2613 ab

148 2656 219 2722 eius
253 2656 401 2722 doctrina
424 2657 612 2723 decesserit.
656 2667 721 2722 tam
750 2658 813 2724 late
845 2658 989 2745 patuisse
1012 2659 1243 2744 Aristophanis
1345 2721 1348 2727 .

147 2765 356 2853 disciplinam
378 2787 444 2832 uon
467 2776 517 2832 est
537 2789 595 2832 cur
617 2787 785 2854 negemus.
809 2767 888 2853 quid
901 2765 1015 2832 enim?
1037 2767 1243 2832 unnmscho·

148 2873 215 2939 lion
238 2875 326 2940 illud
345 2876 571 2966 Euripideum,
605 2878 658 2943 nbi
681 2899 801 2942 nomen
824 2875 1054 2966 Aristophanis
1078 2888 1244 2943 servatum

147 2993 207 3062 est,
238 2984 333 3048 nohis
355 2985 410 3073 qui
440 3007 481 3050 ex
515 2987 717 3072 argumentis
742 2985 920 3069 imaginem
942 2985 1110 3072 refingere
1136 2986 1244 3052 conati

149 3115 278 3160 eramus
302 3091 494 3178 studiorum,
518 3115 602 3180 quae
625 3095 751 3164 inerte
776 3091 991 3159 examinanda
1015 3104 1155 3181 poneret
1176 3094 1244 3176 ille,

148 3224 283 3290 prorsus
305 3223 424 3267 novam
446 3201 710 3267 observationum
741 3201 884 3291 speciem
907 3200 1106 3268 monstravit.
1142 3223 1243 3289 quare

146 3310 218 3376 iure
241 3319 352 3376 nostro
377 3334 496 3398 paucas
519 3309 773 3394 observationes,
797 3308 879 3397 quac
905 3333 977 3377 oum
993 3311 1244 3400 Aristophaneis

147 3420 214 3486 illis
236 3431 441 3508 comparatae
464 3440 568 3486 novae
591 3419 684 3486 nobis
696 3419 895 3488 videbuntur
919 3442 1001 3495 esse,
1020 3419 1243 3486 eidemvindi·

147 3527 291 3595 cabimus
313 3530 451 3614 auctori,
474 3530 596 3619 quippe
614 3529 706 3594 cuius
721 3551 841 3618 operae
858 3530 980 3597 diserta
997 3529 1136 3614 vestigia
1148 3529 1243 3596 nimis

147 3660 219 3702 rara
241 3639 434 3724 sictonam
457 3659 540 3724 quae
563 3647 661 3704 totam
684 3638 860 3704 illustrent.
905 3639 1036 3704 omnino
1059 3638 1241 3724 Didymum

147 3743 297 3831 inprimis
316 3745 403 3811 inter
426 3745 624 3834 posteriores
646 3745 879 3831 grammaticos
892 3745 1125 3835 Aristophanis
1144 3746 1241 3812 vesti·

146 3853 201 3938 gia
224 3853 382 3942 pressisse
406 3855 542 3940 eiusque
566 3873 645 3941 opes
668 3853 897 3942 compilavissc
919 3852 1093 3920 scitissime
1116 3853 1242 3918 monuit

148 3963 320 4046 Augustus
341 3962 511 4029 Nauclrius
534 3963 555 4028 l.
569 3963 590 4028 l.
611 3983 642 4049 p.
656 3964 705 4028 77.
728 3963 889 4051 exemplis
913 3963 1031 4028 abhoc
1052 3963 1122 4028 viro
1145 3962 1241 4029 docto

145 4069 267 4136 ibidem
293 4081 325 4136 et
345 4095 375 4160 p.
386 4071 450 4136 224
470 4071 586 4155 allatis,
607 4096 625 4136 a
650 4069 807 4137 Mauricio
829 4071 1012 4140 Schmidtio
1036 4072 1056 4136 l.
1082 4072 1103 4137 l.
1125 4095 1156 4160 p.
1181 4073 1241 4136 106

149 4178 355 4268 locupletatis
376 4179 441 4245 iam
471 4191 590 4262 nostra,
617 4203 700 4268 quae
729 4181 818 4247 haud
837 4181 998 4248 inutiliter
1020 4201 1090 4246 rem
1111 4181 1242 4247 firment

147 4289 364 4376 fulciantque,
387 4287 538 4355 addenda
560 4295 682 4356 suat⁶⁴.
1268 4269 1272 4277 Ι

245 4427 281 4481 64
298 4423 426 4480 Eandem
446 4424 613 4482 contentum
633 4424 668 4481 de
688 4425 807 4494 Didymo
825 4424 1094 4495 Arismphanearum
1112 4424 1241 4480 observa·
