2994 5018
639 395 696 462 101

116 579 159 667 τῇ
179 569 362 666 ἀπαγγελίᾳ
381 579 441 644 τοῦ
460 571 608 659 θανάτου
627 577 761 660 κομίσαι
781 572 823 644 τοί
846 577 997 663 λείψανα,
1018 578 1073 644 ίνα
1086 570 1219 665 εόλογος

114 683 286 776 πρόφασις
307 689 365 774 τῆς
383 681 533 774 παρόδου
556 686 684 773 γένηται
709 689 756 774 τῷ
777 678 907 776 Ὀρέστη
936 687 990 756 καί
1017 681 1169 774 παραοτδ
1197 682 1217 753 ό

116 787 362 882 ἆναγνωρισμδς
382 791 468 884 πρός
491 786 629 883 αἷίξησιν
650 799 710 862 τοῦ
733 791 875 876 πάθους.
1216 803 1222 816 “

200 905 326 972 Phccn.
348 905 390 972 88
411 892 450 1010 esi·
471 899 627 994 διῴκηται
648 900 669 992 ἦ
691 908 750 993 τῆς
768 898 953 994 Ἀντιγόνης
976 902 1100 1002 ἔξοδος.

571 1113 767 1132 ——l-——n-

202 1275 259 1343 Αἱ.
282 1275 342 1342 719
373 1263 488 1362 δίνδρες
507 1275 619 1365 φίλοις
652 1265 785 1362 όίγγελος
813 1270 884 1362 ἣκει
904 1267 973 1341 δπδ
993 1277 1052 1341 τοῦ
1074 1276 1216 1358 στρατοῦ
1228 1261 1247 1334 't

103 1385 280 1471 Ια’γγέλλων
312 1381 371 1472 τὴν
403 1385 587 1470 παρουσίαν
615 1385 675 1451 τοῦ
711 1379 865 1468 Τεύκρου.
910 1381 1085 1471 θαυμαστὴ
1118 1381 1155 1448 δὲ
1193 1377 1212 1469 ἡ

116 1489 249 1574 ε’ίσοδος
267 1489 386 1561 τοότου
409 1497 473 1562 τοῦ
495 1487 638 1580 υίγγέλου.
670 1497 733 1562 τοῦ
753 1488 904 1573 Αἴαντος
926 1489 989 1576 ἔξω
1010 1487 1126 1559 ἑαυτόν
1146 1492 1217 1558 δια-

115 1602 326 1700 χειρουμένου
350 1595 409 1670 ola
430 1595 519 1685 εἶχον
541 1598 573 1669 οἱ
595 1593 664 1669 οίπδ
683 1606 747 1670 τοῦ
765 1605 866 1687 χοροῦ
890 1592 969 1668 οότε
996 1597 1016 1688 ἡ
1045 1599 1218 1687 Τέκμησσα

116 1714 236 1798 γνῶναι
256 1706 295 1778 τό
318 1709 479 1797 πραχθέν.
500 1713 656 1790 πιθανῶς
677 1699 735 1779 οὖν
756 1707 774 1778 ό
795 1701 1141 1797 ίίγγελοςδπαγγείλας
1153 1734 1218 1775 πα-

117 1801 307 1906 ρασκευάζει
328 1811 455 1900 ου’τοδς
475 1819 590 1904 ἐξιέναι
611 1815 693 1886 κατὰ
716 1815 854 1908 ζήτησιν.
877 1820 932 1886 καὶ
956 1815 1061 1898 οὕτως
1074 1812 1217 1906 ηὲπιτεό-
1231 1828 1265 1881 10

119 1931 231 2013 ξονται
250 1933 298 2018 τῷ
320 1925 482 2014 πτώματι·
503 1930 618 2012 δεξιῶς
639 1930 676 1997 δὲ
697 1931 750 1996 καὶ
771 1925 810 1996 τό
828 1925 886 1996 τδν
897 1925 1071 2012 Κάλχαντα
1082 1932 1217 2013 μαθεῖν,

116 2038 241 2108 οἰκεῖον
262 2038 325 2125 γδρ
346 2042 394 2127 τῷ
413 2032 544 2123 μάντει·
565 2039 673 2117 καλῶς
694 2037 804 2106 δὲκαὶ
825 2037 865 2105 τὰ
886 2042 944 2119 τίς
966 2042 1083 2127 σκηνῆς
1106 2034 1217 2106 ε’σκεό-

115 2172 222 2216 ασται.
245 2142 396 2227 Αίαιτος
415 2144 475 2234 γὰρ
496 2142 735 2228 καταλιπόντος
756 2148 929 2237 προῆλθεν
951 2140 1123 2235 όῖίγγελος·
1145 2139 1217 2214 εἶτα

116 2260 182 2325 τοῦ
205 2261 305 2344 χοροῦ
327 2253 386 2344 τὴν
408 2254 526 2346 σκηνὴν
547 2253 702 2337 δείσαντος
723 2254 777 2325 διὰ
805 2254 866 2345 τήν
893 2253 1022 2345 ζήτησιν
1051 2254 1170 2340 ἔξεισιν
1197 2251 1215 2322 ό

117 2361 212 2446 Atta
229 2365 285 2434 ἐπὶ
305 2364 364 2454 την
378 2367 512 2451 πρᾶξιν,
524 2369 573 2454 τῷ
590 2365 627 2434 δὲ
641 2369 748 2457 θεατῇ
760 2359 854 2434 clidas
864 2360 964 2453 α’ργδν
977 2366 1215 2453 περιλείπεται,
1231 2371 1263 2424 15

119 2473 377 2563 πεποικιλμένης
398 2469 568 2565 διαφόρως
585 2478 643 2564 τῆς
661 2476 695 2543 ἐν
718 2479 758 2566 τῇ
779 2474 1188 2566 σκηνῇπροσωποποιίας.

191 2693 225 2746 14
246 2691 285 2748 ib.
303 2693 355 2747 813
372 2689 588 2765 μετακινεῑταιὴ
610 2688 695 2761 σκηνὴ
712 2692 760 2748 τοῦ
778 2693 865 2764 χοροῦ
883 2685 1054 2754 ἐξελθόντος·
1078 2687 1216 2762 ἀναγκαία

119 2787 152 2843 δὲ
169 2785 186 2856 ἦ
205 2788 305 2855 ἔξοδος,
324 2792 369 2844 ἵνα
387 2783 449 2862 εδρη
468 2785 597 2860 καιρὸνὸ
617 2794 690 2848 Αἴας
704 2783 896 2861 χειρώσασθαι
913 2783 1018 2844 ἑαυτόν.
1049 2787 1121 2844 hanc
1140 2800 1223 2843 scae-¹

116 2901 184 2941 nam
199 2884 316 2955 respicit
336 2884 487 2944 scholiasta
517 2884 553 2940 ad
568 2884 636 2942 Eur.
654 2884 715 2950 Alc.
734 2887 788 2941 897
804 2890 832 2938 τί
847 2883 879 2957 μ’
898 2878 1048 2945 ἒνοίλοσαςε
1072 2881 1143 2956 πρὸς
1165 2881 1215 2939 τὸν

114 2975 206 3054 χορόν
223 2996 318 3054 φησιν.
336 2973 370 3049 ἦν
387 2977 441 3055 γὰρ
459 2979 475 3036 ό
491 2978 576 3054 χορός
591 2981 652 3053 μετ’
670 2977 760 3036 αὐτοῦ.
779 2975 891 3036 δύναται
908 2977 962 3053 γὰρ
976 2977 992 3034 ό
1008 2977 1094 3053 χορὸς
1111 2981 1213 3042 ἐξίστα·

117 3083 188 3132 σθαι
204 3077 251 3144 τῆς
267 3078 375 3146 σκηνῆς,
394 3075 431 3160 cic
445 3081 492 3132 καὶ
509 3078 540 3132 ἒν
560 3083 659 3133 Αἴαντι
676 3071 887 3151 μαστιγοφόρῳ.
906 3077 936 3132 in
954 3076 1006 3133 hac
1020 3075 1124 3142 fabula,
1144 3093 1214 3146 quae

115 3176 181 3228 tcta
203 3175 357 3228 structura¹
372 3177 401 3228 et
426 3189 612 3244 personarum
634 3173 728 3228 indole
747 3189 763 3228 a
787 3173 907 3243 satyrica
930 3190 988 3227 ncn
1009 3173 1092 3242 longe
1117 3172 1213 3238 distat,

117 3270 220 3326 chorus
243 3269 280 3326 ab
297 3270 419 3325 Admeto
445 3270 605 3326 admonitus
627 3287 755 3326 scaenam
778 3271 815 3325 ad
838 3269 1025 3340 sepeliendam
1042 3269 1214 3324 Alcestidem

115 3364 252 3434 relinquit
263 3382 327 3420 cum
336 3366 494 3436 anapaestis
504 3385 530 3422 ν.
542 3368 594 3420 741
610 3384 669 3436 sqq.
688 3365 838 3422 Herculem
856 3366 931 3421 inter
950 3369 979 3422 et
999 3383 1110 3422 servum
1122 3365 1213 3421 diver·

115 3464 197 3522 biam
210 3464 251 3520 ita
265 3470 458 3536 comparatam
474 3468 526 3532 est,
544 3468 577 3521 nt
594 3466 674 3522 chori
691 3467 879 3536 praesentiam
889 3467 1027 3534 excludat,
1047 3465 1214 3521 sicutetiam

117 3560 216 3616 statim
233 3564 299 3632 pcat
317 3562 391 3617 servi
410 3579 568 3618 sermonem
587 3563 672 3616 nullis
691 3562 845 3618 interiectis
865 3563 943 3618 chori
962 3562 1089 3618 versibus
1107 3562 1214 3617 Hercu·

115 3658 157 3712 les
177 3673 288 3711 servum
306 3657 442 3727 increpat.
461 3657 492 3712 in
511 3671 639 3713 scaenam
657 3658 775 3713 revertit
788 3657 889 3712 chorus
899 3675 924 3714 r.
936 3659 988 3712 872
1011 3652 1103 3729 πρόβα
1112 3652 1212 3729 πρόβα·

115 3753 185 3822 βᾶθι
202 3751 301 3813 κεῦθος
318 3759 409 3808 οἴκων.
427 3751 602 3806 rarissimum
619 3769 679 3807 esse
697 3753 727 3807 in
744 3752 908 3824 tragoediis,
928 3752 1044 3808 chorum
1062 3753 1098 3808 dc
1119 3753 1215 3808 orche-

115 3851 176 3902 stra
194 3846 338 3916 decadare,
356 3848 401 3904 val
418 3864 535 3920 prorssu
555 3842 661 3903 ότοιιον
678 3849 708 3902 in
726 3849 824 3903 eadem
840 3847 925 3903 Aiace
944 3853 1040 3904 monet
1063 3849 1214 3905 scholiasta

116 3943 189 4000 adv.
199 3945 253 4000 880
268 3943 285 4012 ἡ
303 3935 352 4000 οὖν
372 3949 533 4018 Τίκμησσα,
554 3939 601 3999 ἅτε
618 3941 652 4012 δὴ
670 3941 739 4016 γυνη
757 3935 826 3998 οὖσα
843 3949 890 3999 καὶ
909 3940 1083 4018 αἰχμάλωτος
1100 3941 1152 4017 οὐχ
1169 3949 1213 3999 οἵα

115 4058 145 4098 τε
162 4035 247 4096 αὐτὸν
262 4047 500 4114 παραμυθεῖσθαι.
519 4037 587 4095 ἄλλα
605 4037 655 4096 τόν
669 4038 758 4114 χορόν
775 4045 959 4114 προτρέπεται
975 4045 1096 4096 εἰσιέναι·
1117 4037 1213 4108 ἐπειδὴ

117 4137 150 4192 δὲ
167 4130 273 4192 δίτοντον
288 4133 338 4192 τὸν
352 4133 443 4208 χορὸν
459 4133 607 4192 ἀπολιπεῖν
630 4133 679 4204 τὴν
699 4133 802 4204 σκηνὴν
825 4132 931 4208 ἀναβοᾷ
956 4137 1073 4192 ἔνδοθεν
1096 4134 1111 4190 ὁ
1132 4142 1213 4202 Αἴας,

103 4237 162 4304 Ιἵνα
180 4237 251 4306 μίνη
270 4233 317 4286 ἐπὶ
332 4226 426 4306 χώρας
444 4232 459 4287 ὁ
478 4228 571 4304 χορός.
590 4234 668 4288 τοῦτο
685 4229 739 4304 γὰρ
757 4227 857 4287 ἐπόθει
875 4231 890 4287 ὁ
909 4228 1016 4302 θεατής.
1054 4233 1104 4288 cfr.
1125 4214 1212 4287 schcl.

116 4329 198 4385 Eum.
219 4330 254 4386 88
272 4333 337 4402 παρ’
356 4325 453 4400 ὀλίγον
472 4331 574 4402 ἕρημος
592 4327 609 4398 ἡ
628 4317 714 4398 σκηνὴ
732 4335 844 4400 γίνεται.
880 4321 1012 4400 οὔτεγὰρ
1032 4327 1047 4383 ό
1064 4323 1152 4402 χορός
1168 4347 1213 4383 πω

117 4412 258 4502 πάρεστιν,
277 4423 293 4495 ἥ
309 4445 337 4482 τε
355 4430 440 4500 ἱέρεια
459 4429 588 4494 εἰσῆλθεν
604 4431 640 4488 εἰς
660 4423 709 4482 τὸν
727 4422 803 4483 ναόν.
