3020 5020
682 349 722 416 ⁷3

152 539 216 625 les,
238 549 274 606 ut
293 539 352 606 vix
370 541 498 627 plenam
522 537 624 606 exiis
646 538 824 624 imaginem
840 537 948 626 operis
970 537 1058 606 illius
1080 539 1247 624 refingere

154 671 322 736 queamus,
348 650 472 715 nullam
497 651 657 739 praebent
682 647 953 732 observationem,
976 670 1058 736 quae
1077 648 1131 714 vel
1150 647 1247 716 levis·

151 759 269 824 simam
292 759 409 824 habeat
431 757 678 840 similitudinem
708 780 782 824 eum
808 756 847 822 iis
870 757 956 822 notis
978 778 1062 843 quae
1083 757 1125 822 ad
1144 766 1245 823 artem

151 865 363 932 Homericam
385 876 545 956 spectant.
568 875 600 932 et
622 875 759 932 externa
783 863 933 931 dictionis
953 866 1142 947 similitudo,
1164 888 1247 952 quae

150 973 238 1040 inter
257 975 316 1040 has
340 985 434 1040 notas
457 984 489 1041 et
509 974 649 1062 Didymi
671 974 915 1041 observationes
936 974 971 1038 in
993 973 1124 1040 scholiis
1149 974 1247 1060 tragi-
1298 961 1302 966 ⁵

150 1099 265 1149 corum
287 1084 476 1170 frequentes
496 1083 682 1165 intercedit,
717 1105 784 1148 non
809 1082 931 1148 sufficit
960 1083 1001 1148 ad
1039 1091 1245 1150 communem

149 1202 320 1259 auctorem
337 1192 593 1280 agnoscendum,
613 1191 809 1280 praesertim
827 1215 902 1257 cum
922 1191 1047 1281 aliquid
1071 1202 1161 1258 certe
1180 1191 1244 1259 dis·

148 1299 297 1366 criminis
318 1299 353 1364 in
376 1299 507 1365 dicendi
531 1321 654 1386 genere
683 1299 770 1365 inter
799 1321 853 1364 eas
885 1321 952 1366 non
980 1300 1167 1386 negandum
1192 1300 1246 1367 sit.

147 1408 275 1475 scholia
289 1431 408 1498 nempe
420 1409 607 1492 Homerica,
629 1431 712 1497 quae
733 1409 799 1476 huc
818 1409 995 1476 referenda
1015 1397 1099 1484 siunt,
1119 1433 1246 1477 eorum-

147 1541 213 1608 que
236 1542 304 1584 ncn
327 1520 467 1608 pessima
490 1518 609 1606 partim
629 1519 827 1586 verbositate
842 1529 1010 1586 auctorem
1021 1520 1169 1607 Didymo
1191 1541 1244 1586 re-

147 1627 330 1694 centiorem
355 1627 486 1716 sapiunt
507 1627 625 1716 partim
650 1650 699 1711 eo,
732 1628 821 1714 quod
849 1628 1080 1696 vocabulorum
1111 1629 1146 1694 in
1175 1637 1246 1696 arte

144 1737 394 1824 interpretanda
415 1736 609 1803 solemnium
641 1739 847 1822 lixarumque
874 1737 1019 1824 genuina
1050 1737 1245 1825 significatio

146 1856 197 1913 sat
218 1846 328 1912 multis
350 1846 431 1912 locis
454 1846 538 1913 adeo
561 1846 701 1929 evannit,
724 1857 759 1911 ut
783 1846 927 1912 maxime
951 1846 1085 1936 propria
1108 1870 1245 1934 usurpa-

149 1965 267 2022 rentur
296 1955 337 2021 ad
359 1977 413 2021 ros
433 1955 608 2022 vilissimas
635 1957 840 2022 notandasw.
883 1956 965 2022 alius
987 1955 1088 2042 igitur
1109 1957 1245 2022 circum·

147 2064 337 2154 spiciendus
356 2074 405 2131 est
425 2076 548 2133 auctor.
572 2087 610 2130 eo
623 2054 888 2154 quod'princeps,
903 2075 939 2130 nt
951 2063 1032 2147 dixi,
1045 2065 1246 2132 scholiorum

147 2175 267 2240 horum
291 2176 365 2241 fons
388 2172 493 2240 codex
517 2185 566 2240 est
590 2174 782 2240 VenetusB
814 2174 879 2240 iam
903 2182 1013 2240 certus
1040 2173 1178 2241 indicari
1197 2175 1244 2240 vi-

147 2283 246 2350 detur
269 2293 390 2368 auctor,
423 2285 450 2350 si
482 2283 615 2372 quidem
641 2305 756 2349 verum
786 2293 834 2349 est
859 2283 947 2370 quod
969 2283 1189 2350 Lebrsius
1211 2282 1245 2350 in

147 2393 342 2460 Aristarcho
363 2415 396 2482 p.
408 2394 471 2460 225
487 2393 538 2459 cd.
551 2417 599 2482 pr.
622 2392 787 2476 iudicavit,
811 2414 917 2480 paene
941 2392 1050 2458 omnia
1070 2392 1167 2458 buius
1188 2414 1245 2458 co-

147 2502 229 2568 dicis
258 2502 383 2569 scholia
405 2501 641 2589 Porphyrii
662 2522 744 2566 esee.
795 2502 882 2590 quod
902 2500 1062 2567 iudicium
1086 2523 1129 2567 ex
1151 2510 1244 2588 parte

146 2611 328 2678 stabilitum
351 2621 401 2677 est
423 2611 625 2677 accuratiore
648 2610 769 2678 codicis
791 2611 1011 2700 descriptione
1033 2634 1051 2674 a
1073 2609 1174 2677 Rosio
1197 2611 1244 2676 fa·

146 2729 210 2802 cta,
233 2720 414 2785 secundum
437 2743 533 2809 quam
554 2719 720 2786 interioris
746 2719 906 2805 marginis
932 2719 1057 2788 scholia
1086 2727 1244 2808 excerpta

145 2831 317 2896 continent
339 2851 383 2895 ex
406 2803 809 2916 amplioribqe'l'erphyrii
834 2828 1108 2917 disputationibus
1132 2828 1167 2894 in
1190 2849 1244 2894 ex·

145 2938 271 3004 teriore
293 2939 441 3022 margine
465 2893 695 3111 scriptlffiiam
715 2948 862 3004 nostrum
888 2938 949 3004 erit
974 2959 1146 3025 quaerere,
1166 2959 1243 3024 qua·

146 3055 243 3112 tenue
255 3046 462 3135 Porphyrius
483 3047 518 3113 in
538 3069 599 3134 pro
626 3047 753 3112 lematis
777 3048 843 3113 suis
858 3047 1044 3114 Homericis
1067 3049 1145 3114 artis
1168 3068 1245 3137 poe·

144 3154 230 3220 ticae
250 3155 464 3243 explicandae
486 3156 647 3222 rationem
674 3155 836 3240 habuerit,
871 3179 933 3244 qua
956 3180 1031 3222 cum
1055 3157 1244 3244 quaestione

146 3265 249 3330 altera
272 3273 359 3330 arcte
382 3266 557 3332 coniuncta
580 3275 638 3346 est,
661 3275 820 3352 quantum
837 3265 872 3331 in
895 3266 955 3331 hac
975 3289 1013 3331 re
1037 3289 1078 3332 ex
1099 3266 1169 3332 eius
1192 3287 1243 3332 co·

146 3371 209 3462 piis
239 3373 420 3460 profecerit
445 3373 588 3461 scriptor
618 3372 843 3440 commentarii
876 3375 911 3439 in
939 3373 1095 3441 interiore
1120 3375 1191 3442 cod.
1215 3373 1243 3440 B

248 3600 283 3653 70
299 3597 467 3668 Exemplum
486 3599 604 3668 praebet
620 3615 676 3654 vox
692 3602 874 3673 οἰκονομικῶς
892 3605 922 3655 et
939 3616 1010 3671 quse
1028 3617 1064 3656 ex
1083 3617 1117 3656 ea
1134 3601 1243 3658 deriva-

144 3697 192 3750 aas
214 3699 288 3750 eunt.
324 3695 374 3752 clr.
391 3695 515 3752 sebel.H
531 3698 611 3766 7279
635 3697 830 3769 δαιμονίως
857 3694 1160 3771 προῳκονόμητιιι
1186 3696 1242 3770 πρὸ

144 3791 192 3846 τοῦ
208 3792 359 3864 μεσοῦντος
374 3795 512 3864 χειμῶνος
528 3794 652 3848 τελευτᾶν
669 3791 719 3849 τὸν
736 3790 910 3864 κυβερνήτην.
924 3792 963 3850 ib.
972 3796 1024 3850 296
1042 3791 1144 3868 μικρὸν
1161 3798 1242 3850 λίθον

144 3888 223 3942 alnao
241 3886 278 3948 ὥς
295 3885 365 3961 πρὸς
383 3882 527 3958 σύγκρισιν
546 3890 601 3944 τῶν
621 3891 678 3943 ἐκεῖ
695 3894 852 3962 γινομένων
864 3885 1002 3963 κυμάτων·
1020 3886 1086 3946 ὅλον
1098 3890 1130 3944 δὲ
1148 3894 1241 3944 οἱκο-

144 3987 369 4057 νομημίνωι,
389 3989 434 4040 ἵνα
451 3992 507 4046 τοῖς
523 3990 586 4058 περὶ
606 3983 636 4041 τὸ
653 3992 759 4058 χωρίον
776 3984 866 4042 αὐτῶν
883 3984 979 4055 ἀσινὴς
996 3985 1012 4056 ἡ
1032 3989 1144 4056 ἔκβασις
1159 3991 1239 4058 γένη-

142 4099 187 4134 ται
205 4083 426 4154 προεκλοομίνου
443 4083 490 4136 τοῦ
511 4076 637 4154 κύματος.
657 4084 702 4138 vel
720 4082 893 4150 doetrinae,
913 4084 958 4138 cui
969 4083 1014 4139 dei
1029 4084 1120 4139 instar
1132 4083 1240 4138 obtem·

142 4181 226 4247 perat
243 4177 364 4247 populus
383 4176 467 4232 schol.
481 4176 529 4246 Pu
548 4197 564 4244 η
582 4179 613 4230 11
635 4181 682 4231 καὶ
706 4179 785 4234 τοῦτο
811 4180 999 4252 οἰκονομικῶς.
1021 4211 1054 4220 -
1074 4177 1119 4233 διὰ
1141 4177 1172 4233 δὲ
1192 4175 1241 4246 τὴν

144 4273 301 4345 φιλοξενίαν
317 4274 365 4327 τοῦ
374 4267 511 4330 Ἀλκινόου
527 4269 681 4354 damnatura
700 4269 876 4330 ὑπακούουσι.
895 4274 997 4330 similia
1005 4274 1186 4331 inveniuntur
1202 4273 1238 4329 ad

142 4369 224 4440 7³60
241 4371 322 4434 2116,
334 4371 457 4434 2028oe
475 4372 537 4425 xeo
555 4373 633 4442 93⁷6
651 4391 665 4424 r
680 4373 738 4427 1⁷5.
758 4371 826 4428 talio
843 4388 900 4428 non
922 4375 988 4428 sunt
1005 4371 1125 4442 Didymi.
