3020 5020
817 401 859 466 68

291 610 410 675 genus,
438 585 525 672 quod
555 585 699 652 breviter
729 593 894 672 tangatur,
920 609 1033 652 eorum
1064 587 1199 668 scilicet,
1233 607 1316 674 quae
1343 585 1382 649 ad

290 706 461 784 poetarum
485 694 684 782 tragicorum
714 694 898 762 dissensum
923 695 976 760 vel
1001 717 1194 762 consensum
1218 717 1293 759 cum
1314 693 1383 760 Ho-

292 827 382 872 mero
406 814 564 892 spectant.
603 814 774 894 postquam
797 807 920 895 primns
943 807 1087 876 Cobetus
1110 807 1144 872 in
1169 805 1285 872 scholl.
1307 805 1385 872 Eur.

291 914 332 980 ad
354 914 434 979 Hoc.
459 915 518 978 1.4
541 913 780 998 animadvertit,
803 915 936 981 solitum
958 915 1062 982 fuisse
1082 916 1123 980 ab
1148 915 1295 980 Homero
1321 913 1384 978 dis·

290 1044 424 1089 sensum
437 1023 471 1088 in
490 1023 623 1089 scholiis
644 1048 664 1106 χ
688 1024 782 1108 signo
806 1025 922 1110 notari,
945 1026 999 1111 qui
1015 1026 1179 1094 dissensus
1194 1025 1228 1089 in
1240 1023 1385 1089 Homero

289 1130 360 1219 ipso
383 1130 473 1219 dipla
495 1131 625 1220 appicta
647 1142 827 1217 notaretur,
850 1143 882 1197 et
895 1133 1100 1203 Schraderus
1123 1133 1144 1201 l.
1156 1133 1178 1199 l.
1190 1155 1221 1220 p.
1235 1133 1274 1198 19
1294 1130 1384 1198 addi·

290 1238 348 1324 dit,
377 1241 473 1305 ctiam
506 1241 688 1307 dissensum
723 1264 797 1306 cum
826 1241 897 1306 aliis
925 1242 1030 1330 poetis
1054 1242 1116 1308 hoc
1145 1242 1243 1307 modo
1268 1241 1385 1320 notari,

289 1354 385 1434 (quae
417 1358 513 1414 notae
546 1359 578 1415 et
602 1349 779 1416 dictionem
812 1360 844 1416 et
872 1372 924 1416 res
959 1351 1120 1438 mythicas
1147 1351 1385 1440 geographicas

289 1457 519 1543 grammaticas
542 1458 772 1544 respiciebant)
794 1481 853 1526 nos
886 1482 988 1524 unum
1012 1461 1200 1549 exemplum
1225 1461 1386 1548 cognovi-

290 1591 372 1649 mus,
404 1566 458 1634 ubi
480 1575 583 1632 artem
608 1567 742 1654 respicit
764 1567 904 1652 signum,
929 1569 1079 1635 scholion
1101 1568 1216 1654 Antig.
1237 1569 1319 1634 1350
1340 1590 1383 1634 ex

291 1675 520 1764 Aristophanis
546 1684 740 1759 argumento
762 1675 980 1764 desumptum.
1003 1678 1066 1742 iam
1080 1678 1258 1744 nonnullae
1272 1685 1386 1744 extant

289 1786 322 1852 in
353 1784 497 1867 scholiis,
533 1781 730 1872 Sophocleis
758 1786 973 1873 potissimum,
1012 1786 1267 1871 observationes,
1299 1806 1384 1874 quse

289 1871 517 1974 oeconomiam
535 1917 553 1958 a
574 1892 678 1981 poetis
702 1894 860 1960 scaenicis
881 1895 977 1960 aliter
999 1904 1098 1982 atque
1120 1894 1160 1960 ab
1172 1895 1319 1960 Homero
1336 1893 1383 1960 in-

290 2003 434 2068 stitutam
458 2002 656 2087 significant.
679 2003 714 2068 in
729 2003 781 2068 his
793 2004 926 2092 propria
943 2004 1084 2090 quadam
1102 2003 1213 2068 indole
1236 2002 1381 2068 eminent

291 2110 417 2178 scholia
438 2109 480 2174 ad
505 2109 606 2200 Soph.
628 2105 750 2177 Electr.
772 2111 969 2195 1,445,539.
1012 2111 1092 2177 haec
1122 2111 1210 2178 enirn
1242 2134 1281 2178 eo
1300 2111 1382 2176 mire

290 2219 505 2298 consentiunt,
537 2218 626 2305 quod
653 2219 828 2286 scholiasta
848 2221 986 2287 alterum
1009 2219 1173 2308 quendam
1194 2217 1380 2305 grammati·

289 2351 361 2395 cum
384 2327 607 2415 reprehendit,
637 2329 733 2412 quia
756 2327 925 2416 Sophocle
948 2328 1147 2418 poposcerit,
1179 2339 1216 2394 ut
1236 2327 1380 2395 fabulam

289 2459 380 2503 suam
398 2458 531 2524 prorsus
554 2436 749 2502 Homericae
772 2437 950 2503 narrationi
973 2436 1208 2503 accomodaret.
1252 2437 1299 2502 sic
1323 2435 1380 2502 de·

289 2544 387 2610 bebat
398 2543 590 2630 Sophocles,
611 2543 669 2610 illo
684 2546 896 2629 grammatico
911 2544 1030 2627 iudice,
1054 2545 1169 2610 codem
1185 2544 1294 2629 modo,
1318 2567 1380 2630 qno

289 2651 438 2718 Minerva
455 2651 547 2716 Vlixi
572 2653 718 2718 Ithacam
742 2663 900 2718 monstrat
928 2677 946 2718 a
966 2654 1028 2720 344
1045 2675 1128 2740 sqq.,
1152 2652 1381 2742 paedagogum

290 2759 447 2826 inducere
473 2759 587 2827 Oresti
608 2761 722 2845 Argos
745 2770 992 2846 monstrantem,
1015 2761 1062 2828 sic
1084 2760 1226 2828 debebat
1250 2759 1382 2847 Clytae-

288 2879 464 2934 mnestram
484 2891 552 2934 non
573 2867 608 2934 in
628 2869 746 2934 balneo
765 2867 1019 2936 interficientem
1037 2869 1147 2936 facere
1160 2870 1382 2954 Agamemno·
1486 2883 1487 2950 ᾗ

288 2998 374 3060 nem,
398 2976 456 3042 sed
479 2987 516 3042 ut
536 2979 702 3044 Homerus
723 2977 819 3043 (5535
841 2977 874 3044 in
904 2999 1018 3062 coena,
1051 2977 1098 3044 sic
1121 2977 1263 3063 denique
1286 2977 1383 3044 debe-

288 3085 342 3150 bot
366 3108 429 3152 non
453 3085 532 3150 duas
552 3085 635 3152 filias
647 3085 800 3154 Menelao
825 3086 977 3168 tribuere,
1000 3085 1060 3152 sed
1078 3097 1114 3153 ut
1124 3085 1290 3154 Homerus
1310 3083 1383 3150 dl?

288 3215 395 3262 unam.
443 3203 557 3262 contra
585 3194 666 3260 hsec
686 3195 847 3283 postulata
868 3195 1067 3284 Sophoclem
1096 3194 1196 3261 tuitus
1218 3193 1383 3260 subtiliter

288 3313 320 3370 et
353 3301 534 3391 prudenter
567 3311 676 3368 monet
712 3302 906 3386 scholiasta,
934 3303 1098 3390 ignoranti
1133 3313 1255 3369 terram
1287 3322 1382 3368 mon·

287 3421 389 3478 strare
422 3411 664 3498 paedagogum,
694 3411 876 3480 Minervam
909 3412 1102 3495 incredu103
1135 3411 1212 3478 satis
1244 3431 1328 3495 esse,
1353 3409 1379 3476 si

287 3519 440 3586 universa
465 3521 577 3586 fabula
595 3519 709 3586 eadem
731 3531 870 3606 maneat,
901 3521 934 3588 in
956 3522 1097 3607 singulis
1124 3523 1223 3588 rebus
1249 3541 1311 3608 pro
1333 3543 1382 3586 er·

289 3627 386 3693 bitrio
407 3651 672 3717 unumquemque
701 3639 830 3717 poetam
859 3628 984 3696 variare
1013 3650 1110 3718 posse
1135 3628 1380 3710 oeconomiam

289 3761 356 3804 non
387 3739 525 3805 multum
560 3741 717 3806 interesse
744 3749 852 3806 utrum
883 3761 946 3804 una
976 3737 1043 3804 filia
1074 3738 1235 3806 tribuatur
1266 3737 1379 3804 Mene·

287 3847 339 3912 lso
371 3871 412 3914 aa
447 3848 541 3932 duae,
574 3849 603 3916 si
636 3848 733 3914 modo
768 3849 904 3915 dramati
937 3848 998 3914 hac
1031 3869 1067 3914 re
1097 3847 1245 3914 consulat
1273 3856 1380 3935 poeta.

288 3959 419 4046 quinam
444 3969 519 4026 sunt
541 3961 574 4026 hi
597 3959 816 4028 scholiastae?
857 3961 1039 4047 Didymum
1070 3961 1192 4048 optime
1215 3969 1379 4026 versatum

286 4073 322 4139 in
344 4080 412 4136 arte
434 4069 586 4136 scaenica
607 4068 810 4136 aestimanda
839 4053 1072 4156 unusquisque,
1099 4077 1188 4158 puto,
1221 4067 1379 4158 persenti·

286 4189 366 4248 scot
390 4188 424 4244 at
443 4177 723 4264 quisHomericus
736 4177 822 4244 ille‘?
844 4177 898 4244 hic
919 4185 998 4264 puto
1020 4198 1089 4244 rem
1111 4175 1302 4242 felicissime
1320 4195 1380 4242 acu

286 4287 435 4374 tetigisse
467 4286 658 4355 Mauricium
682 4285 912 4370 Schmidtium,
942 4286 1034 4354 cuius
1062 4286 1142 4352 haec
1176 4293 1252 4354 sunt
1280 4285 1380 4352 verbs

287 4397 308 4466 l.
328 4397 348 4465 l.
373 4417 404 4484 p.
419 4397 498 4464 265:
531 4397 646 4464 videos·
675 4395 756 4462 milri
775 4399 810 4462 io
832 4396 880 4462 ta
904 4395 1181 4464 chamatt'oailtua
1203 4391 1378 4480 Didymeum
