3020 5020
641 367 782 450 ιε’

111 567 206 639 οὕτω
236 566 426 639 συνεστάναι
450 565 510 637 τὸν
536 572 652 654 μῦθον
679 563 765 638 dors
796 569 854 637 τὸν
880 562 1041 648 ἀκούοντα
1062 567 1111 655 ,τὰ
1131 565 1215 657 πρά·

109 703 223 768 ypram
241 676 394 768 γινόμενα
417 679 472 744 καὶ
492 676 640 766 φρίττειν
667 677 722 745 καὶ
749 677 852 745 ἐλεεῖν
878 678 914 746 ἐκ
934 682 1001 746 τοῖν
1021 676 1215 765 συμβαινόν-

109 809 193 885 των
216 785 302 874 ἅπερ
321 783 362 854 tls
382 783 494 855 πάθοι
514 811 564 866 τις
586 778 715 854 ἀκούειν
734 783 795 853 τόν
815 790 878 854 τοῦ
893 784 1073 868 Οἰδίποδος
1090 793 1233 874 μῦθον·

109 894 154 965 τό
179 899 216 966 δὲ
235 895 290 965 διὰ
309 899 367 984 τῆς
386 887 501 983 ὅψεως
520 899 622 964 τοῦτο
643 891 903 980 παρασκευάζειν
929 889 1141 983 ἀτεχνότεροι
1160 900 1216 968 καὶ

109 1007 267 1094 χορηγίας
292 1001 450 1091 ὀιόμενόν
479 1005 558 1072 ἐστι.
601 1005 691 1072 unde
719 1027 777 1070 sua
802 1007 940 1095 sumpsit
960 1007 1118 1076 Horatius
1143 1007 1214 1076 ΑΡ.

112 1117 180 1183 179
190 1137 261 1206 sqq.
285 1116 382 1182 hnius
397 1115 566 1206 praecepti
588 1135 750 1181 memores
767 1117 997 1202 grammaticos
1010 1117 1122 1191 Aiacis
1138 1139 1215 1203 quo·

113 1247 184 1312 que
207 1225 318 1291 locum
339 1224 600 1306 celeberrimum,
620 1223 676 1290 ubi
699 1222 796 1290 heros
820 1233 896 1290 ante
922 1225 1035 1291 oculos
1054 1235 1216 1314 spectato·
1264 1263 1267 1267 ·

114 1357 192 1402 rum
213 1333 378 1418 gladiose
400 1332 558 1423 perfodit,
577 1333 613 1398 in
632 1333 902 1421 disceptationem
915 1355 1058 1418 vocasse,
1076 1355 1144 1404 non
1159 1336 1215 1400 rni-

34 1426 37 1430 ⁵
113 1467 193 1510 rum
206 1453 266 1530 est,
289 1444 412 1533 qnippe
434 1443 490 1529 qui
513 1453 577 1509 tam
600 1453 714 1532 aperte
735 1443 873 1509 traditae
898 1445 1032 1532 regulae
1055 1444 1215 1512 officeret

109 1564 147 1619 at
179 1553 223 1619 de
254 1553 315 1620 hcc
345 1552 471 1621 scholio
500 1552 594 1636 infra,
624 1575 699 1618 eum
723 1554 787 1618 iam
809 1553 975 1619 sufficiant
991 1551 1215 1643 „exemplam

112 1662 314 1744 docendum,
342 1661 535 1728 scholiastes
559 1662 595 1728 in
625 1660 675 1726 his
701 1682 832 1748 quoque
855 1661 955 1728 rebus
979 1684 1045 1728 uon
1068 1662 1215 1728 diverses

115 1773 161 1836 ab
184 1771 408 1859 Aristophane
427 1770 496 1835 vias
517 1769 551 1834 in
572 1769 770 1857 explicanda
791 1779 961 1857 poetarum
984 1781 1053 1837 arte
1076 1773 1215 1858 cessin-

113 1873 263 1966 gressus.

221 1987 277 2055 Sic
290 1985 525 2073 Aristophanis
540 1984 734 2073 disciplinae
757 1985 897 2072 vestigia
917 1987 1081 2076 persecuti
1104 2011 1216 2054 sumus

114 2119 180 2186 per
202 2106 326 2164 vastam
352 2095 553 2162 scholiorum
584 2105 771 2162 nostrornm
799 2094 1010 2184 farraginem,
1043 2119 1109 2164 non
1144 2119 1219 2166 rara

115 2228 180 2296 prc
205 2203 422 2291 reliquiarum
443 2202 761 2292 Aristophanearnm
783 2202 944 2270 exilitate.
986 2203 1126 2272 vidimus
1147 2205 1218 2272 eius

118 2313 369 2382 observationes
390 2313 538 2399 integras
555 2311 611 2378 vel
630 2333 735 2400 paene
756 2310 904 2397 integras
927 2313 962 2378 in
980 2314 1105 2380 scholia
1126 2335 1215 2380 recc-

118 2433 208 2512 ptas,
233 2422 440 2512 repperimus
470 2443 527 2488 eas
553 2420 769 2506 quaestiones,
798 2442 880 2506 quas
908 2422 966 2488 illc
996 2433 1153 2506 moverat,
1182 2425 1217 2489 in

97 2532 255 2606 ,scholiis
274 2531 414 2619 amplius
430 2539 605 2600 tractatae
618 2529 876 2617 disputatasquo,
906 2531 1137 2620 Aristophanis
1158 2553 1215 2598 ex-

119 2640 268 2732 plicandi
287 2641 449 2707 rationem
468 2639 523 2705 vel
543 2639 588 2704 ibi
611 2639 836 2726 cognevimus,
857 2640 914 2706 nbi
928 2661 994 2706 non
1016 2641 1112 2708 unius
1133 2641 1216 2707 eius-

119 2750 265 2836 demque
287 2749 420 2816 fabulae
444 2758 564 2832 emant,
587 2747 725 2837 quaein
747 2748 881 2814 scholiis
902 2759 935 2816 et
956 2771 1040 2835 quae
1062 2750 1098 2814 in
1119 2773 1222 2844 argu·¹

118 2862 239 2940 mentis
267 2870 525 2950 exponerentur.
566 2870 598 2926 et
623 2861 658 2926 in
686 2861 747 2927 hac
768 2883 804 2926 re
830 2861 865 2927 id
888 2883 1018 2951 semper
1038 2861 1218 2930 tenendum

119 2983 183 3057 cst,
215 2973 277 3039 hcc
299 2993 405 3058 genus
432 2971 706 3055 observationum,
736 2980 773 3037 ut
803 2973 874 3037 fere
902 2971 1031 3038 nullum
1060 2972 1160 3056 aliud,
1182 2973 1216 3041 in

119 3081 256 3148 scholiis
275 3103 386 3147 rarum
410 3103 481 3148 ease
504 3092 537 3146 et
556 3082 758 3169 infrequens.
782 3081 821 3147 ad
843 3084 969 3148 fontem
992 3104 1051 3148 nos
1073 3082 1218 3168 relegari

121 3189 200 3256 salis
223 3189 404 3278 antiquum,
426 3191 513 3255 unde
536 3189 703 3278 derivatae
722 3189 785 3254 sint
798 3189 860 3254 hae
873 3190 1128 3273 observationes,
1152 3191 1217 3256 iam

121 3321 165 3366 cx
187 3299 278 3364 varia
302 3320 411 3364 earum
435 3299 469 3364 in
493 3298 592 3364 variis
614 3297 746 3364 scholiis
770 3300 954 3386 frequentia
973 3303 1027 3366 vel
1048 3301 1218 3391 paucitate,

122 3429 220 3496 quam
244 3407 336 3474 initio
361 3409 641 3475 commentationis
664 3409 774 3496 paucis
797 3409 996 3494 adumbravi,
1018 3412 1218 3480 concluden·
1292 3407 1302 3420 '

121 3517 202 3584 dum
225 3527 304 3584 erat
336 3539 401 3604 quo
422 3517 611 3604 antiquiora
632 3528 665 3582 et
687 3519 822 3585 meliora
845 3519 977 3602 scholia,
1001 3541 1040 3585 eo
1062 3520 1218 3607 frequen-

121 3626 222 3693 tiores
245 3637 352 3710 notae,
378 3627 493 3714 quibus
514 3649 566 3693 ars
590 3637 707 3715 poetae
730 3627 923 3714 explicatur.
946 3649 1031 3714 quac
1051 3629 1144 3714 larga
1162 3653 1219 3696 no-

47 3769 50 3776 *
120 3733 173 3802 bis
197 3735 337 3814 dicenda
355 3744 405 3801 est
425 3737 557 3802 ubertas
581 3753 691 3802 earum
713 3738 749 3800 in
772 3738 938 3803 veteribus
959 3737 993 3802 in
1016 3737 1218 3827 Sophoclem
1242 3741 1263 3769 ⁹

121 3844 255 3914 scholiis
282 3845 336 3929 (de
359 3846 558 3930 Aeschyleis
588 3846 629 3912 ad
654 3847 752 3912 vilem
775 3847 965 3913 tenuitatem
989 3847 1131 3914 redactis
1151 3871 1218 3916 non

121 3952 317 4037 mirandum,
339 3952 365 4018 si
387 3977 501 4042 perum
522 3955 646 4020 fructus
672 3955 766 4020 nobis
783 3955 953 4043 praebent)
972 3954 1218 4045 inEuripideis‚

121 4085 205 4150 quae
236 4064 351 4129 obruta
379 4063 510 4150 quidem
541 4062 687 4129 verbosis
714 4049 954 4130 Graeculorum
977 4061 1217 4132 hominum'in-

122 4171 220 4260 eptiis
240 4171 469 4240 reconditioris
500 4183 607 4240 tamen
639 4171 807 4240 doctrinae
840 4187 906 4240 non
938 4173 1087 4240 omnibus
1120 4184 1219 4240 exuta

121 4291 200 4352 sunt
221 4282 440 4370 copiis,'tristi
461 4281 621 4372 pauperie
643 4281 783 4372 expulsa
807 4293 865 4363 cst,
889 4283 995 4350 donec
1014 4282 1049 4348 in
1062 4283 1216 4370 Byzanti·

122 4413 241 4458 norum
264 4391 560 4478 explanationibus,
587 4401 623 4458 ut
651 4403 908 4461 consentaneum
939 4402 989 4458 est
1012 4392 1218 4482 magistellis,
