3020 5020
670 395 710 460 19

141 574 203 659 τῆς
225 571 382 658 Ἀργείας
401 575 470 659 γῆς,
491 566 510 638 d
535 571 572 639 δὲ
591 567 691 657 χορὸς
710 570 902 658 συνέστηκεν
922 572 958 656 ἐξ
977 573 1163 660 ἐπιχωρίων
1184 597 1240 661 yv-

140 703 270 746 ναικων.
339 703 341 714 ’

242 789 361 856 desunt
382 791 594 860 ABDEFG.
944 862 950 870 ,

243 900 488 986 Argumentum
510 901 706 991 Iphigeniae
718 901 911 968 Aulidensis
932 901 1060 966 nullum
1084 909 1144 983 est,
1166 901 1237 966 He-

140 1007 340 1074 raelidarum
360 1011 510 1077 Helenae
532 1012 686 1077 Herculis
709 1011 861 1104 furientis
894 1032 960 1075 non
992 1010 1121 1090 babent,
1150 1008 1239 1074 unde

143 1117 372 1204 Aristophanis
395 1119 569 1206 disoiplina
591 1121 748 1206 cognosci
775 1130 882 1208 queat.

591 1325 789 1334 --.---.

243 1539 552 1630 Oomporetisinter
573 1565 608 1609 se
630 1563 713 1628 quae
736 1543 770 1608 in
793 1540 933 1624 singulis
953 1537 1156 1624 argumentis
1172 1559 1239 1606 ser-

141 1659 226 1734 vata,
250 1671 334 1735 quae
358 1651 488 1739 perdita
508 1661 592 1735 aunt,
613 1652 689 1717 hiee
712 1651 855 1718 evadunt
884 1649 1038 1737 partium,
1069 1673 1148 1736 quas
1176 1661 1239 1719 sta-

143 1757 264 1823 tuimus
284 1761 422 1826 numeri.
445 1761 630 1828 rarissimae
653 1769 727 1826 sunt
745 1771 853 1844 notae,
875 1760 991 1847 quibus
1015 1768 1125 1844 quota'
1139 1783 1238 1847 quae·

142 1886 208 1953 que
231 1866 272 1930 sit
296 1865 406 1932 fabula
423 1865 571 1950 traditur,
593 1891 670 1934 nam
685 1869 734 1936 bis
749 1875 877 1934 tantum
898 1867 983 1932 bane
1006 1887 1076 1932 rem
1097 1867 1239 1936 vidImus

142 1982 261 2038 tautam
281 1973 316 2036 in
337 1974 372 2040 II
391 1974 452 2040 IX.
477 1977 583 2062 eapite
603 1971 791 2064 (κεφάλαια)
823 1995 907 2061 quae
939 1973 1093 2040 dieantur
1122 1975 1157 2042 in
1187 1998 1237 2042 se·

144 2091 234 2168 ptem
256 2091 372 2148 extant
391 2085 592 2168 argumentis
610 2085 647 2151 H
666 2085 699 2150 V
723 2085 866 2152 XIXII
887 2083 973 2169 XIII
995 2083 1061 2149 XV
1081 2083 1181 2168 XVI,
1203 2085 1238 2150 in

143 2201 220 2257 ooto
242 2191 438 2258 didascalica
467 2190 519 2256 III
542 2190 575 2255 V
600 2190 650 2284 IX
674 2189 744 2282 XII
764 2191 853 2258 XIII
877 2189 961 2256 XIV
983 2189 1067 2256 XVI
1088 2190 1184 2273 XIX,
1203 2191 1239 2255 iu

144 2297 281 2364 totidem
303 2297 424 2362 iudicia
453 2299 495 2364 de
522 2299 720 2387 praestantia
740 2299 925 2364 fabularum
947 2299 985 2363 ΙΙ
1005 2297 1056 2364 VI
1078 2297 1170 2364 VIII
1189 2298 1241 2364 IX

143 2407 178 2472 X
200 2406 282 2474 XIV
304 2407 391 2476 XIX
409 2409 504 2475 XXI.
530 2409 640 2474 deeies
657 2409 832 2474 edocemur
846 2407 1077 2474 numeundem
1088 2409 1239 2496 mythum

146 2517 233 2583 alter
254 2526 352 2604 poeta
373 2519 511 2586 dramati
525 2541 584 2585 suo
598 2518 812 2586 substraverit
831 2518 866 2584 in
888 2519 962 2585 III
985 2517 1039 2584 ΠΙ
1061 2517 1110 2584 IV
1131 2517 1165 2582 V
1190 2517 1239 2583 VI

145 2625 200 2694 IX
221 2627 273 2692 XI
295 2625 385 2693 XIII
403 2625 499 2707 XVI,
521 2635 637 2713 quater
659 2624 770 2692 decies
790 2625 900 2690 fabula
920 2632 1089 2691 enarrutru
1109 2621 1144 2688 in
1163 2620 1181 2685 I
1203 2621 1240 2688 II

144 2733 203 2800 III
223 2732 273 2800 IV
294 2733 346 2800 VI
368 2733 437 2800 VII
457 2732 545 2799 VIII
567 2733 618 2800 IX
638 2732 690 2800 XI
715 2733 798 2799 XIV
828 2731 951 2800 XVIII
979 2731 1082 2798 XXII
1111 2730 1237 2800 XXIII

144 2841 273 2924 XXIV,
295 2841 395 2907 vioiea
418 2841 560 2928 deniquo
582 2864 701 2909 seaena
721 2842 921 2910 describitur
950 2842 985 2910 In
1007 2841 1043 2908 II
1064 2840 1117 2907 III
1137 2839 1169 2903 V
1190 2839 1242 2906 VI

145 2948 216 3016 VII
234 2948 323 3015 VIII
341 2950 391 3016 IX
413 2950 447 3014 X
469 2949 522 3018 XI
542 2952 614 3020 XII
636 2950 727 3018 XIII
748 2950 831 3017 XIV
852 2950 937 3018 XVI
956 2950 1059 3016 XVII
1074 2949 1158 3019 XIX
1175 2948 1242 3016 XX

145 3056 233 3124 XXI
250 3057 355 3126 XXII
373 3059 492 3127 XXIV
514 3059 624 3128 XXV.
667 3082 766 3126 unam
788 3069 925 3147 partem,
957 3082 1054 3144 quam
1082 3060 1183 3126 fuisse
1204 3059 1239 3124 in

145 3165 347 3250 argumentis
373 3167 625 3254 Aristophaneis
653 3165 823 3254 probabile
851 3177 910 3253 ost,
941 3167 1085 3234 indieem
1117 3168 1243 3234 seilicet

145 3266 362 3361 personarum
373 3279 401 3320 ³⁵
409 3327 419 3360 ,
441 3275 548 3344 sciens
581 3275 685 3359 omisi,
713 3285 787 3342 oum
815 3275 895 3342 nihil
925 3276 968 3342 ad
995 3297 1064 3342 rem
1096 3286 1241 3344 nostram

144 3383 279 3450 faceret.

143 3631 206 3681 tum
221 3625 298 3684 solt
317 3625 436 3680 latinam
454 3629 650 3696 argumentum
668 3625 699 3679 in
717 3623 835 3680 adversa
850 3623 911 3680 folii
929 3627 948 3678 4
970 3622 1074 3694 pagina
1095 3639 1242 3693 argumen-

144 3725 205 3776 tum
224 3726 254 3776 et
271 3722 355 3778 index
372 3737 555 3792 personarum
574 3739 631 3776 una
646 3737 711 3776 eum
734 3738 835 3776 novem
858 3721 957 3791 prImia
983 3719 1095 3775 fabulae
1113 3718 1242 3774 versibus

143 3819 279 3889 leguntur
296 3818 326 3872 in
344 3817 466 3874 edttione
483 3816 655 3882 Victoriana,
680 3817 721 3872 ita
747 3821 779 3872 ut
797 3817 968 3874 eredendum
987 3817 1032 3885 sit,
1061 3817 1096 3870 ab
1121 3815 1174 3870 hae
1194 3832 1242 3886 pa·

146 3915 212 3988 gina
232 3914 359 3970 exhiberi
376 3916 464 3970 verba
481 3915 594 3970 codicis.
612 3915 642 3969 id
665 3931 774 3985 quoque
792 3931 892 3986 parum
910 3913 1057 3986 probabile
1077 3917 1128 3982 est,
1147 3912 1243 3968 Vieto·

145 4010 219 4064 rium
235 4011 266 4065 in
283 4009 456 4065 eonfieieudo
475 4028 658 4081 personarum
675 4011 767 4067 indice
786 3993 1035 4081 Clytaemnestram
1053 4009 1189 4064 omisisse.

246 4107 281 4160 35
305 4105 351 4161 Sie
375 4107 405 4161 in
421 4112 587 4178 argumento
608 4105 675 4163 Eur.
692 4105 798 4164 Electr.
817 4109 905 4164 verbe
922 4109 1075 4179 προλογίζει
1099 4105 1131 4159 δὲ
1152 4103 1167 4158 ὁ
1192 4099 1241 4158 αὗ-

145 4197 260 4275 τουργός
275 4219 458 4273 personarum
477 4203 564 4258 indici
582 4203 692 4259 demum
711 4203 837 4259 subiecta
854 4206 928 4257 sunt.
948 4203 1064 4257 eandem
1082 4199 1175 4255 sedem
1193 4197 1241 4253 ob-

145 4298 239 4354 tinent
264 4298 294 4354 In
322 4315 382 4368 arg.
405 4297 487 4352 Here.
510 4297 563 4353 fur.
588 4297 676 4352 verba
703 4299 854 4369 προλογίζει
888 4297 920 4350 dl
947 4288 1166 4368 ὁἈμφιτρῦων.
1203 4291 1238 4350 ei.

146 4391 233 4447 etitem
252 4394 450 4464 argumentum
468 4388 606 4462 Oeypodis
624 4389 749 4457 turiani,
768 4390 845 4462 quod
861 4390 935 4446 infra
953 4389 1042 4445 attuli.
