3020 5020
678 330 720 398 55

152 516 266 584 inuam
288 514 345 596 τὰς
365 509 543 601 ὀνομασίας
562 508 670 584 αὐτῶν
690 512 798 584 εἰπεῖν
820 528 911 603 certo
935 519 1147 604 cognoscitur
1169 522 1247 588 scri·

152 635 227 714 ptor
248 625 364 698 scholii
386 625 489 714 Soph.
509 625 631 692 illectr.
654 625 695 692 62
715 622 763 706 οἷς
783 629 882 694 τοῦτο
905 614 966 694 οὖν
989 623 1095 695 ἔοικεν
1114 621 1247 698 ἄποτοί·

154 730 493 823 scemmenstete.
518 732 600 802 ἔνιοι
619 734 655 801 dd
678 729 800 802 οἴονται
823 727 1011 822 deoduinus,
1032 730 1249 817 elaborasse

154 835 402 926 indamnandus,
426 833 579 923 adanon
598 843 656 929 γὰρ
679 843 866 929 πέπρακταί
886 869 918 912 τι
935 849 1085 914 τοιοῦτον
1093 840 1248 918 Ὀδυσσεῖ.

153 948 388 1041 ἐφυλάξατο
411 951 452 1020 dd
468 944 683 1037 ὀνομάσαι
703 953 778 1038 urin
797 943 932 1039 sindon,
953 950 998 1042 μή
1022 961 1103 1043 apli
1121 961 1248 1041 dnona-

151 1057 231 1128 στὸν
255 1053 338 1133 εἶναι
358 1057 447 1150 δόξῃ,
479 1056 531 1143 οἷς,
548 1061 582 1130 ἐν
602 1062 765 1151 τραγῳδίᾳ
786 1063 840 1128 καὶ
855 1058 961 1150 Ιμύθῳ
985 1065 1115 1152 παλαιῷ
1137 1061 1247 1132 τετόλ-

150 1193 234 1256 μηκε
246 1174 272 1214 ⁵⁹
293 1193 325 1236 τι
343 1165 508 1256 κακόηθες
528 1168 635 1238 οἰκεῖν
656 1170 710 1236 καὶ
724 1167 1006 1256 προσκροοστικόν
1025 1169 1245 1252 εἶςτούςκαθ’

151 1275 278 1364 ἑαυτὸν,
302 1272 321 1347 ὃ
341 1281 465 1364 μᾶλλον
486 1276 608 1368 ἥρμοζε
630 1281 796 1370 κωμῳδίᾳ.
824 1259 972 1347 ridemus
994 1282 1095 1366 igitur
1119 1283 1248 1369 Didy-

154 1411 269 1471 mum,
303 1390 344 1455 ad
369 1411 466 1476 quem
488 1389 693 1478 potissimum
715 1389 840 1456 scholia
862 1399 972 1456 nostra
992 1391 1025 1456 in
1047 1390 1248 1478 Sophoclem

155 1498 413 1586 Euripidemqnc
450 1498 625 1566 referenda
656 1521 727 1566 esse
754 1498 818 1564 iam
851 1499 975 1587 pridem
1011 1500 1248 1568 intellexerunt

153 1607 217 1672 viri
239 1607 374 1691 docti00,
399 1609 496 1674 etiam
511 1609 584 1672 arti
608 1618 778 1695 poetarum
808 1608 1008 1694 tragicorum
1032 1609 1249 1698 explicandae

153 1738 287 1804 operam
309 1716 450 1784 dedisse.
472 1717 513 1782 ad
527 1715 787 1803 intellegendum
809 1719 959 1785 scholion
981 1718 1022 1783 dc
1045 1717 1129 1804 loco,
1150 1741 1247 1808 quem

152 1834 291 1914 spectat,
311 1823 462 1890 Electrae
485 1824 549 1890 hoc
571 1824 771 1890 monendum
786 1833 846 1892 cat.
869 1835 904 1890 ut
927 1837 1038 1892 arceat
1060 1825 1151 1912 quasi
1172 1825 1247 1894 rali-

152 1933 297 2018 gionem,
321 1933 373 1998 cui
397 1933 575 2000 obnoxium
599 1932 749 1998 videatur
772 1925 943 1998 consilium
966 1944 1071 2000 morte
1096 1935 1250 2001 simulata

151 2040 331 2128 vindictam
352 2041 502 2107 sumendi
520 2040 560 2130 de
574 2037 839 2127 Clytaemnestra
852 2029 1092 2131 Aegisthoque,
1113 2042 1247 2110 Orestas

152 2150 317 2238 sapientes
340 2150 497 2236 quosdam
521 2158 764 2233 commemorat,
787 2149 842 2236 qui
863 2151 934 2239 pari
954 2150 1159 2216 simulatione
1182 2173 1248 2216 ma·

152 2281 253 2344 gnam
276 2260 336 2326 sibi
356 2260 618 2346 comparaverint
629 2258 776 2343 gloriam.
800 2259 932 2344 quinam
953 2269 1063 2324 essent
1085 2260 1248 2346 sopientes

152 2368 213 2452 illi,
224 2369 287 2434 iam
302 2368 481 2454 antiquitus
492 2367 728 2454 ambigebatur.
746 2367 810 2434 hcc
825 2367 947 2454 optime
961 2368 1062 2438 scrisit
1072 2367 1249 2454 Didymus,

154 2476 283 2544 Orestis
306 2479 407 2544 verbs
438 2500 503 2544 non
535 2477 680 2566 potuisse
713 2477 874 2562 intellegi,
907 2477 969 2572 nisi
1001 2477 1042 2544 ad
1074 2498 1248 2565 personam

152 2594 340 2674 spectarent
364 2586 513 2652 omnibus
537 2587 590 2671 qui
615 2588 752 2653 aderant
773 2597 893 2653 notam.
940 2587 1032 2652 cuius
1061 2607 1183 2652 nomen
1205 2586 1248 2652 si-

152 2694 254 2760 lentio
276 2695 539 2786 praetermittere
563 2695 626 2762 iam
648 2717 687 2761 eo
703 2698 881 2780 cogebatur
899 2705 1006 2786 pocta,
1029 2719 1070 2762 ne
1092 2706 1158 2762 tam
1181 2719 1249 2762 man
1329 2723 1357 2784 χ

152 2803 271 2870 nifesto
296 2805 330 2870 in
353 2827 466 2874 omnes
490 2814 675 2894 temporum
691 2805 841 2872 rationes
864 2804 1246 2894 peccarctOrestemque

157 2919 352 2926 -s———e———u

160 3031 163 3038 ,
242 2983 287 3034 ’57
308 2973 407 3040 Οὕτως
424 2980 492 3036 ouo
512 2980 624 3036 Iahnius
642 2981 748 3036 Electr.
767 2999 794 3052 p.
805 2983 841 3036 28
859 2977 942 3040 cirne
960 2976 990 3037 L'.

253 3079 287 3132 58
306 3080 362 3130 Καὶ
378 3073 418 3148 μὴ
437 3079 491 3132 τῶν
509 3078 680 3147 θαυμαστῶν
697 3077 729 3142 L,
751 3078 825 3147 quod
841 3079 965 3134 correxit
980 3077 1108 3132 Wolffius
1130 3078 1158 3132 in
1176 3077 1249 3133 libro

152 3176 183 3228 de
199 3177 292 3228 scholi.
305 3175 387 3228 haser.
399 3179 571 3233 auctoritate,
578 3190 606 3244 p.
616 3175 649 3228 16
666 3177 711 3228 καὶ
727 3168 767 3245 μή
779 3193 816 3243 τῳ
826 3168 998 3248 θαυμαστόν.
1017 3173 1146 3244 equidem
1157 3171 1249 3228 deleta

152 3269 291 3340 particula
309 3275 356 3324 ant
371 3269 513 3338 sequentia
532 3270 617 3326 verbs
635 3272 676 3326 ita
694 3270 836 3342 prioribus
854 3269 976 3335 adiunxi,
996 3271 1248 3326 utcausamconti·

151 3368 258 3430 nerent,
276 3383 326 3420 cur
337 3366 490 3436 Sophocles
508 3367 621 3422 uomina
637 3385 695 3422 non
712 3367 873 3423 addidisset.
900 3368 1008 3438 priores
1018 3367 1141 3423 editores
1153 3385 1249 3422 omnes

152 3465 281 3534 separata
298 3463 431 3518 secteris
450 3463 582 3520 exhibent
600 3465 686 3518 verba
705 3457 855 3538 ἐφυλάξατο
875 3463 906 3518 di
926 3457 1064 3534 ὀνομάσαι
1083 3461 1132 3518 τὸν
1151 3457 1247 3534 ἄνδρα.

251 3558 285 3612 59
303 3555 346 3618 Ὡς
360 3587 394 3598 -
408 3551 553 3631 τετόλμηκε
573 3557 635 3613 cod.
654 3557 734 3612 Vind.
755 3560 816 3626 281,
845 3559 923 3612 cuins
947 3557 1071 3626 potiores
1094 3556 1248 3626 scripturas

151 3652 334 3708 Heimsoethii
343 3654 471 3710 comitati
481 3653 580 3709 debeo.
590 3656 730 3726 τετολμηκ.
738 3673 761 3706 τι
773 3653 795 3706 L
804 3648 1008 3725 τετολμηκότιΗ
1018 3653 1246 3725 fricapanem.

251 3751 286 3804 60
304 3750 357 3804 cu.
375 3748 502 3804 Wolfii
522 3748 785 3806 commentationem
802 3749 846 3802 ll.
865 3766 893 3818 p.
905 3750 937 3802 12
949 3765 1007 3818 sqq.
1027 3752 1056 3804 et
1075 3746 1247 3802 Mauricii

151 3844 345 3900 Schmidiii
368 3846 472 3902 librum
495 3849 604 3916 Didymi
633 3849 806 3900 chalcenteri
834 3850 987 3916 frnpnrratn
1014 3861 1041 3914 p.
1055 3845 1106 3898 261
1126 3861 1184 3914 sqq.
1211 3844 1247 3898 de

150 3941 265 4011 Didymi
285 3943 386 3998 studiis
396 3942 557 4011 Aeschyleis
576 3958 632 3996 nou
651 3941 754 3996 certius
777 3945 821 3996 est
840 3940 972 3996 indicium
992 3957 1074 4010 qnam
1091 3939 1247 3995 deAristo-

152 4039 260 4110 phanis,
287 4057 351 4092 cum
376 4056 477 4093 nomen
503 4038 562 4092 eius
585 4038 615 4092 in
641 4037 753 4093 scholiis
773 4037 878 4092 uostris
899 4054 954 4091 nou
974 4041 1115 4106 appareat.
1151 4040 1246 4090 tamen

151 4136 214 4192 aliis
233 4135 268 4192 de
286 4123 385 4203 causis,
403 4153 471 4204 quas
489 4135 619 4206 exposuit
637 4133 822 4189 Gustavns
843 4133 934 4202 Frey
952 4133 981 4186 in
993 4132 1193 4188 dissertatione
1215 4134 1245 4186 de

152 4236 278 4304 Aeschyli
306 4235 417 4288 scholiis
446 4235 574 4288 ,dedicata
601 4231 771 4302 conscripta,
795 4230 944 4286 admodum
969 4228 1116 4300 probabile
1142 4230 1193 4292 est,
1216 4227 1246 4284 in

153 4327 320 4397 Aeschylum
338 4345 448 4398 quoque
466 4329 681 4384 commentarios
700 4329 845 4399 scripsisse
862 4324 1021 4398 Didymum.
