2994 5018
782 360 843 426 140

260 547 381 632 θνηιεν
402 539 423 634 ἰή
443 549 560 634 σαφῶς
582 537 690 611 εἶπεν·
723 547 776 613 καί
797 542 817 634 ή
839 542 956 635 Ἑκάβη
980 539 1059 640 -οάτε
1092 548 1258 634 ἐστέναζεν
1280 541 1353 616 οἰίτε

258 645 438 741 ἀπηλλάγη.
479 648 544 720 εἴτε
565 649 624 740 γάρ
648 645 737 722 οἰδεν
761 651 829 722 ἔδει
851 652 1063 725 οἰκτίσασθαι
1080 657 1159 743 περὶ
1179 654 1352 745 θυγατρὸς,

259 755 325 827 εἴτε
347 757 392 848 μή
414 753 513 845 οἰδεν,
537 761 698 848 ἒρωτήσαι
719 761 774 828 καὶ
795 768 929 846 μαθεῖν.

92 975 93 978 ¹
154 893 191 986 ηρ
341 881 450 946 Prom.
469 881 510 946 47
543 874 673 970 ᾐνίξατο
702 876 753 948 ὅτι
781 876 839 968 τήν
861 879 968 949 αἰτίαν
990 880 1071 964 Διὸς
1097 882 1145 964 εἰς
1165 879 1225 972 τήν
1244 882 1355 971 τέχνην

228 985 445 1078 σμετήγαγεν.

341 1107 411 1176 OT.
433 1107 496 1174 449
518 1102 564 1186 ῶς
587 1107 664 1192 περὶ
685 1103 797 1188 ἑτέρου
821 1106 933 1193 λέγων,
955 1101 1058 1176 ου’τδν
1079 1106 1266 1176 αἰνίττεται.

340 1224 393 1290 Αἰ.
415 1224 497 1291 1150
518 1224 572 1291 καί
596 1210 692 1304 οὗτος
715 1215 889 1292 αἰνίττεται
910 1220 956 1304 ῶς
981 1225 1033 1315 ἐφ’
1050 1221 1161 1311 ἑτέρου
1183 1219 1243 1292 τδν
1260 1219 1357 1311 λέγον

260 1328 471 1416 ποιούμενος.

340 1451 426 1517 Phil.
451 1452 529 1518 1441
553 1448 727 1520 αἰνίττεται
754 1455 852 1520 τοῦτο
874 1451 920 1532 εἰς
942 1447 1196 1537 Νεοπτόλεμον·
1231 1450 1268 1520 ἐν
1297 1451 1355 1540 γάρ

213 1575 246 1628 10
257 1561 297 1649 τῇ
314 1563 375 1625 τοῦ
395 1550 488 1627 Ἰλίου
512 1556 632 1629 ἁλώσει
660 1561 830 1630 ἀπέκτεινε
860 1559 918 1629 τδν
940 1561 1094 1648 Πρίαμον
1122 1557 1356 1651 προσφυγόντα

258 1672 305 1755 τῷ
325 1672 429 1756 βωμῷ
451 1673 509 1735 τοῦ
531 1665 658 1755 Ἑρκίου
681 1666 770 1750 Διός.

341 1785 397 1851 Αἰ.
419 1785 482 1852 690
503 1784 747 1872 αἰνιγματωδῶς
769 1783 786 1856 δ
809 1790 905 1875 λόγος
929 1785 1136 1876 ἐξενήνεκται.

343 1897 478 1991 prpol.
500 1904 561 1970 337
586 1891 615 1970 οἰ
634 1906 769 1993 τλῆμον,
788 1899 872 1991 οἷον,
891 1911 993 1994 μήτερ
1017 1899 1170 1996 ἠράσθης
1192 1902 1286 1991 ἔροντ
1308 1901 1354 1972 αἰ·

259 2013 469 2098 νιγματωδῶς
489 2013 583 2081 θέλει
606 2011 730 2103 φράσαι
752 2012 810 2084 τὸν
832 2014 948 2102 ἔρωτα.
993 2011 1213 2083 πιθανώτατα
1233 2013 1270 2084 δέ
1289 2009 1356 2098 άμα

214 2135 246 2188 15
258 2125 307 2208 τῷ
328 2121 464 2210 αἰνιγμῷ
485 2123 539 2189 καὶ
560 2120 618 2211 τήν
637 2120 824 2212 συγγνώμην
845 2118 998 2216 ιήτήσατο,
1020 2124 1065 2204 ῶς
1086 2120 1284 2211 προγονικὸν
1305 2147 1357 2190 κε-

259 2230 397 2319 κτημένη
417 2231 456 2298 τδ
478 2226 594 2312 πάθος
614 2233 667 2299 καὶ
688 2225 747 2300 οάκ
767 2231 851 2314 ἰδίας
872 2230 1004 2322 φάσεως
1025 2230 1211 2323 ἁμάρτημα.

342 2349 531 2418 Med.1025
554 2387 591 2398 -
613 2350 697 2437 λέγει
718 2350 755 2418 δέ
774 2343 909 2439 ἀσήμως
933 2349 992 2418 τὸν
1007 2348 1134 2439 Ἅιδην,
1169 2351 1223 2418 καί
1249 2345 1355 2416 πάντα

258 2458 295 2526 δέ
315 2454 356 2524 τά
377 2455 450 2547 έξής
470 2455 715 2545 αἰνιγματωδῶς
733 2454 842 2543 ὁμιλεῖ
851 2459 910 2546 <ἰ>
923 2455 1007 2545 ὑπὲρ
1029 2463 1089 2526 τοῦ
1106 2455 1150 2546 μή
1173 2456 1356 2527 αἰσθέσθαι

259 2563 317 2634 τδν
335 2561 552 2654 παιδαγωγόν.

212 2697 262 2749 20
344 2684 415 2752 OT.
442 2685 500 2750 137
523 2681 606 2772 ὑπὲρ
628 2681 687 2773 γάρ
709 2679 781 2769 οάχί
800 2689 867 2752 τῶν
893 2676 1055 2770 ἀπωτέρω
1077 2685 1201 2774 φίλωνε
1234 2676 1278 2752 ου’
1299 2679 1357 2768 μό·

261 2818 318 2859 νον
339 2792 422 2878 ὑπὲρ
444 2799 503 2860 τοῦ
528 2787 728 2884 ἀνῃρημένου
752 2793 913 2879 βασιλέως
937 2785 1030 2877 άξιον
1058 2789 1265 2880 ποιήσασθαι
1299 2789 1359 2880 τήν

262 2895 464 2989 ἀναζήτησιν,
486 2895 568 2970 ἀλλά
591 2905 644 2971 καί
667 2901 754 2988 ὑπὲρ
776 2895 876 2971 αάτοῦ
892 2903 989 2988 ε’μοῦ.
1034 2897 1132 2989 ὁγὰρ
1153 2901 1266 2990 ἐκείνῳ
1288 2901 1357 2969 ἐπι·

259 3008 409 3099 χωρήσας
435 3007 518 3092 ίσως
548 3007 647 3096 κάμοὶ
677 3008 915 3096 ἐπιβουλεύσει.
958 3011 1199 3098 πεπλαγιάοται
1218 3007 1357 3078 πάλινιί

260 3116 364 3207 λόγος,
398 3121 453 3187 καὶ
480 3117 538 3210 τήν
559 3113 718 3210 ἀλήθειαν
737 3120 913 3189 αἰνίττεται
935 3125 983 3209 τῷ
1004 3115 1147 3208 θεάτρῳ,
1181 3116 1232 3186 ὅτι
1260 3113 1359 3200 αίτδς

213 3240 248 3292 25
261 3225 386 3314 δράσας
405 3225 464 3294 τδν
484 3227 587 3318 φόνον
610 3226 627 3296 ὁ
648 3227 807 3310 Οἰδίπους
829 3231 883 3296 καὶ
907 3226 1023 3296 ἑαυτὸν
1043 3225 1273 3317 τιμωρήσεται.

342 3338 386 3406 ib.
411 3339 491 3406 1183
519 3329 555 3406 εἰ
582 3340 823 3427 πεπλαγίασται
850 3338 870 3406 δ
899 3334 1010 3425 λόγος,
1043 3333 1089 3418 ῶς
1115 3335 1176 3426 τήν
1207 3335 1359 3426 πήρωσιν

260 3596 378 3653 verbum
395 3613 429 3652 ox
450 3615 476 3652 v.
493 3599 547 3652 270
574 3603 696 3654 sumtum
714 3603 765 3654 eut.
807 3598 1013 3654 Heimsoethiuu
1031 3599 1160 3653 laounnm
1180 3596 1221 3652 uio
1239 3597 1352 3668 explet:

261 3697 403 3748 αἰνίττεται
421 3687 461 3747 ὅτι
479 3697 619 3760 τέθνηκεν
644 3692 740 3764 ἐπειδὴ
759 3695 790 3750 δὲ
809 3692 843 3750 οὐ
861 3693 959 3770 σαφῶς
977 3696 1061 3761 είπεν,
1081 3698 1127 3749 καὶ
1144 3693 1160 3761 ἡ
1175 3687 1276 3762 Ἑκάβη
1295 3689 1357 3749 οἰπι

262 3783 380 3854 στενάζει
397 3781 458 3844 οὔτε
475 3789 607 3860 ἐπερωτᾷ.

350 3887 367 3940 2
386 3885 443 3940 ἔδει
462 3885 566 3941 addidi.

335 3985 368 4038 10
385 3983 432 4037 τοῦ
446 3977 526 4036 Ἰλίου
541 3981 624 4038 Rnr.
640 3977 720 4036 Ἰλίου
737 3981 768 4036 Is.
980 4057 982 4062 Ι

335 4081 368 4134 13
386 4077 596 4149 αἰνιγματωδῶς
612 4077 630 4132 J
647 4079 844 4148 αἰνιγμαιιαῶς
863 4077 959 4134 aeteri.

336 4177 369 4230 17
387 4174 485 4230 eadem
502 4174 597 4246 paullo
615 4173 679 4230 alii·
699 4174 792 4230 vorbis
812 4174 933 4245 repetitu
951 4171 988 4228 εδ
1000 4191 1026 4229 ν.
1036 4175 1105 4228 1016
1123 4168 1220 4232 ἄλλους
1236 4165 1358 4232 πατάξαι

262 4269 311 4330 τὸν
327 4265 464 4344 ίσόμενον
482 4271 537 4326 τῶν
554 4270 663 4326 παίδων
681 4263 772 4344 φόνον
787 4267 870 4326 πάλιν
888 4263 1077 4344 προοδάρααι,
1101 4263 1217 4339 ἀσήμως
1235 4268 1267 4324 δὲ
1287 4265 1359 4340 ἰπλρ

263 4373 315 4438 τοῦ·
326 4371 367 4448 μή
383 4375 505 4440 tumim
524 4369 574 4428 τὸν
590 4365 780 4442 ταδαγργόν.
