3030 5028
810 353 853 420 32

289 546 358 604 tum
382 527 598 622 ὑπομνήματα
622 532 893 619 Aristotelis,
923 535 978 619 qui
1009 543 1140 624 praeter
1162 537 1323 604 Glaucum
1355 547 1390 602 et

292 645 532 712 Dicaearchum
553 665 596 708 ex
617 643 666 726 iis,
689 644 746 732 qui
766 654 842 711 ante
852 645 1107 735 Aristophanem
1120 649 1287 734 vixerunt,
1304 672 1392 717 unus

291 765 499 838 memoratur,
530 755 564 818 in
587 751 819 840 Aristophanis
840 767 1036 839 argumenta
1056 756 1183 824 edenda
1211 759 1386 844 valuerint,

290 867 387 932 hodie
416 865 486 932 erui
516 887 582 930 non
604 873 721 950 potest.
765 863 1019 932 Schneidewiuo
1042 867 1242 934 Aristoteles
1273 872 1384 956 etqui

291 985 386 1041 eraut
406 977 446 1040 ab
471 997 509 1038 eo
530 973 564 1038 in
585 971 792 1038 didascalicis
818 973 1048 1042 contrahendis
1072 975 1225 1042 videntur
1255 977 1385 1063 acquie-

287 1085 383 1152 visse.
430 1081 465 1147 id
495 1092 609 1148 contra
637 1091 670 1146 et
703 1103 764 1169 per
793 1103 828 1146 se
857 1083 1096 1169 expectandum
1132 1094 1202 1150 erat
1232 1095 1266 1150 et
1288 1085 1386 1152 variis

289 1192 451 1281 exemplis
484 1193 662 1280 probatur,
694 1191 925 1278 Aristophanis
958 1191 1203 1260 observationes
1236 1193 1278 1260 de
1314 1204 1384 1262 arte

287 1300 412 1388 tragica
435 1302 537 1367 factas
559 1299 646 1366 haud
668 1323 742 1364 raro
764 1299 800 1366 iu
822 1321 923 1365 unum
943 1301 1120 1377 convenire
1133 1324 1207 1368 cum
1229 1300 1279 1383 iis,
1301 1323 1384 1389 quae

289 1411 330 1476 de
351 1409 506 1475 univorsa
526 1418 596 1473 arte
619 1408 748 1496 poetica
770 1409 806 1472 in
830 1407 914 1475 libro
938 1408 1114 1495 superstite
1134 1409 1294 1498 praecipit
1305 1409 1386 1476 Ari-

287 1519 431 1586 stoteles.
454 1542 529 1584 nam
554 1527 591 1582 ut
612 1517 708 1582 huius
730 1527 906 1605 praecepta
926 1516 1070 1584 derivata
1090 1529 1165 1584 suut
1188 1540 1230 1584 ex
1253 1519 1384 1608 amplis·

287 1629 369 1694 simo
392 1628 535 1714 ipsarum
568 1626 812 1712 tragoediarum
842 1625 950 1692 studio
974 1649 1046 1692 curn
1078 1628 1322 1712 quaestionibus
1343 1629 1385 1694 de

289 1738 452 1802 universis
476 1737 555 1802 artis
578 1736 708 1822 legibus
732 1736 917 1818 coniuncto,
942 1735 987 1800 ita
1006 1735 1034 1802 is
1056 1736 1089 1802 in
1111 1736 1250 1821 singulis
1272 1737 1383 1824 siugu-

287 1849 393 1913 larum
414 1846 600 1912 fabularum
628 1845 709 1912 locis
742 1868 836 1910 usum
860 1855 893 1910 et
919 1846 1189 1912 cousuetudinem
1211 1857 1385 1933 poetarum
1443 1853 1446 1860 ’

287 1956 412 2022 notavit
433 1976 612 2042 eorumque
647 1954 688 2020 de
707 1964 776 2020 arte
799 1953 955 2020 iudicium
975 1955 1059 2020 tulit
1110 1978 1213 2041 quare
1235 1943 1317 2042 quae
1340 1979 1385 2024 ex

205 2101 215 2129 a
291 2063 484 2131 Aristotelis
506 2063 590 2140 libro
612 2063 751 2130 adscisci
773 2073 909 2150 possunt
925 2063 1172 2151 adexplicanda
1184 2066 1309 2132 scholia
1330 2067 1385 2133 vel

286 2183 480 2258 argumenta
501 2174 604 2258 utilia,
627 2196 685 2240 suo
708 2195 859 2260 quaeque
879 2175 952 2240 loco
978 2175 1116 2240 enotavi.
1438 2259 1447 2268 ·

387 2282 500 2350 Ceteri
533 2282 688 2348 similium
718 2305 830 2348 rerum
864 2285 1039 2372 scriptores
1060 2284 1162 2349 veluti
1185 2284 1382 2352 Heraclides

287 2392 454 2476 Ponticus,
478 2414 575 2478 quem
597 2391 763 2480 Euripidis
785 2387 946 2481 κεφάλαια
975 2393 1209 2482 conscripsisse
1231 2397 1312 2464 scita
1332 2406 1383 2463 est

286 2500 401 2566 Adolfi
437 2495 723 2588 Trendeleuburgi
764 2502 952 2568 coniectura
990 2525 1092 2588 eaque
1125 2503 1380 2571 Schneidewino

286 2610 439 2696 probata,
463 2609 709 2696 Theophrastus
733 2610 949 2697 Asclepiades
973 2611 1187 2696 Tragileusis,
1217 2613 1382 2700 Hierony-

285 2741 357 2784 mus
380 2718 539 2802 Rhodius,
561 2715 791 2802 Callimachus,
816 2741 954 2803 quorum
984 2721 1169 2806 fragmenta
1198 2723 1379 2790 Muellerus

284 2827 455 2893 Nauckius
484 2825 762 2896 Schneidewiuus
792 2827 847 2892 alii
869 2829 1088 2915 collegerunt,
1118 2829 1154 2897 in
1179 2830 1381 2918 argumentis

285 2963 350 3006 non
374 2939 592 3024 nominantur,
613 2961 712 3024 quere
732 2939 808 3024 quid
824 2939 863 3004 iis
876 2939 1027 3006 debuerit
1036 2940 1275 3028 Aristophanes
1289 2950 1378 3006 certo

283 3050 411 3117 ostendi
432 3047 545 3137 nequit
556 3053 592 3116 ³⁹.

289 3267 483 3274 ...ῃ--

392 3405 427 3457 39
446 3403 488 3457 De
509 3403 640 3472 Salustio,
667 3406 712 3459 cui
730 3406 759 3459 in
777 3406 857 3460 libris
885 3405 1049 3460 tribuuntur
1066 3407 1266 3476 argumentum
1285 3421 1382 3459 secun·

284 3499 350 3552 dum
370 3499 534 3570 Antigonae
554 3505 583 3554 et
601 3505 731 3568 quartum
749 3501 849 3570 Oedipi
869 3501 982 3556 Colonoi
999 3505 1029 3555 ot
1047 3501 1105 3570 qui,
1121 3505 1154 3555 ut
1170 3517 1273 3556 nomen
1290 3501 1381 3564 docet,

282 3595 427 3649 Romanus
445 3599 490 3649 ost
508 3595 596 3650 multo
614 3595 758 3652 inferioris
777 3574 964 3666 Aristophane
989 3596 1098 3660 aetatis,
1121 3614 1177 3650 non
1196 3601 1249 3661 est,
1270 3613 1321 3650 cur
1340 3613 1382 3650 re-

283 3697 387 3762 petam,
405 3709 474 3763 quae
493 3693 718 3751 Schneidewiuus
738 3701 766 3750 et
785 3693 947 3750 Dindorfius
965 3699 1140 3750 monuerunt.
1184 3695 1213 3748 id
1232 3711 1318 3748 unum
1335 3693 1383 3748 ad·

288 3789 361 3854 dam,
382 3793 547 3860 argumenta
563 3789 610 3844 illa
626 3791 701 3844 inter
720 3807 749 3844 se
767 3791 869 3844 mirum
887 3791 916 3845 in
933 3791 1048 3845 modum
1067 3791 1211 3846 dissimilia
1229 3807 1299 3846 esse.
1317 3807 1382 3846 uam

283 3901 348 3941 oum
365 3886 395 3939 in
422 3891 588 3956 argumento
608 3886 776 3958 Antigonae,
797 3887 872 3956 quod
894 3905 929 3940 ex
950 3888 1073 3957 optimae
1090 3885 1235 3941 doctrinae
1256 3886 1380 3940 fontibus

283 3982 409 4037 hausisse
429 3982 582 4037 Salustium
601 3983 692 4055 docet,
711 3984 783 4038 varii
801 3985 848 4052 qui
865 3984 940 4053 apud
955 3985 1051 4038 Iouem
1069 3985 1264 4038 Mimnermum
1283 3971 1382 4053 poetas

284 4079 408 4149 tragicos
427 4079 555 4134 feruntur
582 4080 671 4149 mythi
694 4081 727 4134 de
755 4081 898 4150 Antigona
916 4085 946 4135 et
971 4081 1082 4144 Ismene
1100 4080 1181 4135 docte
1201 4084 1381 4150 exponuntur

283 4173 464 4244 breviterque
489 4173 601 4230 fabulae
627 4175 797 4244 Sophocleae
816 4171 950 4246 aspellam
977 4175 1215 4245 perstringuntur,
1234 4193 1380 4245 argumen-

283 4276 343 4326 tum
365 4270 465 4340 Oedipi
489 4270 561 4324 nihil
587 4272 712 4327 coutinet
742 4273 796 4326 nisi
822 4271 942 4342 amplam
971 4272 1078 4342 primae
1103 4271 1236 4326 mametis
1264 4285 1380 4326 amenas

284 4369 499 4433 enarrationem,
528 4369 573 4423 cui
597 4369 690 4424 nescio
716 4387 771 4438 quo
791 4369 993 4424 sententiarum
1019 4387 1091 4424 nexa
1110 4369 1244 4424 iudicium
1263 4367 1377 4424 additur
