3020 5020
794 347 834 413 56

271 536 520 603 novissimarum
533 559 655 621 rernm,
669 557 751 621 quae
765 535 913 602 Athenis
908 535 1244 621 circumferebantur,
1261 537 1380 604 scien·

269 655 336 712 tem
355 649 529 712 facerctffl·
523 670 572 730 ,o
554 637 718 730 “portos
738 639 860 732 ἥρμοζε
884 644 1041 734 κωμῳδίᾳ
1061 644 1183 711 iudicat
1201 645 1380 731 Didymus

271 767 303 821 et
327 756 489 822 consentit
506 755 556 820 his
570 755 679 821 verbis
694 756 816 850 optime
832 777 906 820 cum
919 755 1149 843 Aristophanis
1167 756 1377 824 observandi

269 865 406 948 ratione,
430 885 526 951 quem
552 864 593 930 de
617 865 743 931 comico
773 862 1014 950 tragoediarum
1039 865 1128 930 exitu
1158 865 1372 952 singulisque

194 951 202 966 ⁸
268 976 398 1040 scaenis
414 974 570 1059 stragica
583 973 758 1039 severitate
773 973 888 1038 alienia
905 973 1087 1060 disputasse
1102 997 1202 1062 supra
1212 975 1370 1042 vidimus.

369 1082 549 1170 Didymnm
562 1081 638 1146 artis
654 1081 802 1169 poeticae
825 1081 1065 1147 aestimatorem
1089 1083 1186 1148 etiam
1208 1083 1243 1150 in
1260 1084 1370 1150 altero

270 1202 419 1259 notarum
441 1211 565 1276 genere
590 1187 866 1273 deprehendimus
889 1211 964 1256 cnm
986 1191 1148 1256 universis
1171 1191 1371 1278 Aristopha-

270 1302 320 1368 nis
352 1299 482 1366 iudiciis
517 1299 598 1364 mire
623 1299 893 1382 consentientem,
929 1321 1040 1366 carum
1074 1299 1210 1382 scilicet,
1247 1301 1368 1386 quibus

271 1409 462 1496 Euripidem
485 1408 599 1495 carpit.
633 1429 730 1494 qnam
751 1417 938 1474 constanter
960 1419 1099 1497 uterque
1121 1409 1155 1476 in
1177 1410 1240 1474 hoc
1261 1410 1366 1475 critici

270 1539 404 1585 munero
433 1517 598 1606 explendo
632 1526 781 1583 versatus
814 1517 865 1599 sit,
899 1527 1011 1582 notatu
1040 1528 1091 1583 cst
1125 1517 1366 1602 dignissimum,

270 1628 390 1716 quippe
415 1650 488 1694 cum
510 1623 660 1698 omnibus
682 1626 752 1691 fere
773 1627 977 1713 temporibus
1006 1627 1207 1694 incredibilis
1237 1626 1365 1693 dramn-

236 1733 240 1744 '
270 1748 338 1802 tum
351 1735 605 1823 Euripideorum
630 1734 811 1816 admiratio,
835 1736 927 1800 cuins
951 1735 1048 1801 hodic
1071 1735 1165 1800 ctiam
1188 1746 1364 1824 supersunt

268 1845 419 1930 vestigia,
445 1843 530 1932 apud
545 1842 774 1928 grammaticos
786 1842 973 1908 obtinuerit.
993 1865 1096 1928 panca
1114 1865 1197 1930 quaa
1209 1844 1365 1910 habemns

268 1953 388 2018 iudicis
410 1952 667 2041 Aristophanem
697 1961 857 2017 testantur
887 1951 965 2018 artis
997 1950 1196 2040 Euripidenc
1231 1953 1365 2020 minime

269 2073 458 2146 amatorem,
479 2072 512 2125 ct
530 2061 569 2126 in*
584 2060 734 2126 omnibns
757 2062 828 2125 fero
846 2060 990 2143 scholiis,
1012 2081 1094 2146 quae
1113 2060 1235 2128 diserte
1254 2074 1365 2128 ancto-

269 2195 454 2238 remanum
482 2170 637 2260 produnt,
667 2170 833 2258 Didymus
856 2170 995 2251 fortiter,
1028 2169 1114 2236 haud
1144 2193 1219 2236 raro
1250 2170 1364 2257 inique

267 2282 401 2349 vellicat
411 2279 613 2368 Euripidem.
638 2300 678 2344 en
701 2280 810 2346 iudice
832 2279 978 2366 Didymo
1002 2289 1212 2366 pcccatorum
1233 2279 1361 2367 Euripi-

271 2391 319 2456 dis
343 2390 539 2457 indiculum:

367 2499 468 2566 schol.
487 2500 592 2566 Andr.
612 2498 675 2564 885
706 2488 810 2581 cinopo
842 2496 869 2563 δ’
897 2494 1061 2582 Ὀρέστρςε
1101 2494 1274 2582 ἐκβληθεὶς
1306 2499 1364 2562 τοῦ

266 2597 409 2692 ’Ἄργους
421 2598 568 2694 Ὀρέστης
586 2601 688 2696 ἀπῄει
710 2602 758 2684 εἷς
778 2603 818 2670 το
840 2598 929 2688 ἱερὸν
950 2606 1008 2670 τοῦ
1020 2599 1100 2682 Διὸς
1122 2600 1160 2670 τὸ
1177 2598 1364 2692 ε’νΔωδώιρ

197 2731 201 2740 ·
266 2711 518 2800 μοτεοσόμενος,
540 2715 643 2782 ποίαν
664 2709 788 2802 οἰκήσει
812 2706 921 2780 πόλιν.
944 2703 1057 2778 α’πιιὸν
1079 2699 1141 2778 οὖν
1165 2710 1295 2798 ἔρχεται
1317 2711 1364 2792 εἷς

371 2912 403 2966 61
424 2909 528 2967 Versus
545 2909 575 2964 hi
591 2915 669 2965 sunt:

468 3000 521 3076 ἤδη
538 3003 593 3078 γὰρ
611 3007 687 3061 εἶδον
705 2999 835 3066 πολλάκις
852 3009 898 3061 καὶ
915 3003 977 3067 τοὺς
994 3003 1101 3080 σοφοὺς

465 3097 538 3175 λόγῳ
554 3099 646 3176 μάτην
661 3099 840 3172 θνήσκοντας·
862 3103 914 3158 εἶθ’
934 3099 1002 3160 ὅταν
1018 3098 1123 3174 δόμους

464 3201 584 3256 ἔλθωσιν
600 3197 688 3268 αὖθις,
708 3203 892 3272 ἐκτετίμηνται
910 3203 1003 3258 πλέον·

464 3295 500 3358 ὥς
517 3290 584 3369 κᾶμ’
602 3297 715 3368 ἐπαυχῶ
732 3297 809 3364 aaron
825 3298 872 3365 τῆς
893 3291 989 3369 φήμης
1007 3291 1064 3352 ἄπο

466 3387 607 3464 δεδορκότ’
628 3393 741 3465 ἐχθροῖς
757 3387 860 3465 ἄστρον
877 3390 913 3454 ὥς
932 3389 1057 3467 λάμψειν
1074 3396 1121 3450 ἔτι.

265 3507 313 3546 cos
335 3489 402 3546 Otto
412 3490 525 3546 Iahnius
543 3489 572 3544 in
590 3489 764 3554 lectionibus,
784 3507 853 3560 quas
872 3491 907 3546 de
919 3491 1064 3562 Sophoclis
1075 3490 1191 3546 Electra
1211 3490 1304 3551 habet.
1322 3487 1365 3542 his

266 3585 301 3641 de
320 3584 411 3642 causis
430 3584 564 3655 Sophocli
581 3585 739 3640 abiudicat:
769 3603 866 3642 vanus
890 3587 933 3642 illi
953 3587 1060 3642 nullum
1077 3585 1183 3642 habent
1200 3601 1302 3642 acaum
1320 3601 1364 3640 ne

266 3697 319 3752 que
338 3697 402 3737 oum
420 3679 454 3736 iis
473 3681 521 3750 qui
541 3681 725 3751 praecedunt,
753 3699 843 3752 neqne
869 3700 933 3738 cum
959 3683 993 3738 iis
1014 3682 1061 3755 qni
1082 3685 1251 3753 sequuntur,
1278 3695 1364 3751 qnare

265 3776 394 3848 intellegi
413 3781 564 3846 nequeunt,
587 3778 640 3832 nisi
658 3795 794 3848 personas
811 3779 847 3834 iis
858 3778 1364 3851 significenturnsminispscutorum

267 3873 387 3946 ignotae.
407 3891 463 3928 non
481 3873 622 3943 putandus
641 3879 684 3930 est
703 3875 857 3947 Sophocles
875 3877 936 3948 ipse
958 3877 1095 3948 tragicam
1113 3875 1222 3930 Orestis
1239 3872 1365 3930 sublimi·

267 3973 355 4026 tatem
373 3969 444 4024 adeo
461 3969 642 4034 imminuisse,
662 3977 693 4026 nt
712 3988 777 4026 cum
793 3972 1007 4028 novissimarum
1025 3971 1295 4026 narratiunculam
1313 3971 1365 4024 sci·

268 4069 361 4120 antem
379 4064 531 4120 induceret.
549 4063 643 4133 itaque
663 4083 760 4122 versus
781 4065 912 4122 histrioni
929 4067 1074 4122 tribuendi
1092 4071 1167 4132 sunt,
1186 4065 1234 4136 qni
1245 4081 1364 4121 comma·

267 4159 382 4218 moratis
400 4159 553 4216 notissimis
573 4159 889 4233 conclamatissimisque
908 4161 1035 4232 personis
1049 4161 1238 4218 multitudinis
1251 4161 1364 4232 planans

269 4258 434 4331 captaverit.
467 4255 552 4313 iidem
570 4273 667 4314 vanus
685 4277 759 4316 nnnc
779 4262 864 4316 etiam
882 4275 899 4314 a
915 4258 1085 4315 hdoratsdtio
1112 4259 1282 4316 damnantur
1305 4263 1355 4314 trs·-

268 4369 359 4426 traapa
378 4375 425 4410 aar
444 4373 554 4426 aaapsaa
575 4356 629 4411 aad
646 4359 730 4412 triti&
750 4359 798 4412 dar
815 4357 937 4429 soponit.
957 4359 1116 4427 tragoedias
1134 4375 1161 4428 p.
1176 4359 1201 4414 Β.
