3020 5020
667 383 707 448 'il

136 567 352 658 problematis
380 566 603 653 Porphyrium
636 589 729 633 nsum
758 587 847 647 esse,
879 565 994 651 negari
1020 589 1087 632 non
1117 574 1235 654 potest,

137 701 179 744 ea
203 687 280 762 tota,
305 675 391 761 quod
414 675 545 760 quidem
567 675 606 740 ad
629 685 733 740 artem
759 675 922 765 poeticam
942 676 1069 759 attinet,
1090 675 1235 764 pendere

136 810 182 852 ex
204 785 396 853 Aristotelis
426 783 613 872 philosophi
641 784 800 850 doctrina.
844 785 878 850 id
908 785 1005 850 certis
1041 783 1236 870 quibusdam

136 895 301 981 exemplis
322 887 558 960 demonstravit
581 891 849 958 Wachsmuthius
874 894 896 957 l.
911 893 932 958 l.
947 915 979 979 p.
992 893 1034 957 30
1048 914 1133 978 sqq,
1156 915 1235 978 quo·

137 1025 214 1068 rum
237 1025 339 1069 unum
360 1003 541 1068 alterumve
562 1002 646 1068 infra
669 1001 871 1066 afferendum
897 1000 1007 1066 eutr.
1051 999 1235 1086 quodcum

136 1112 185 1177 ita
208 1111 249 1180 sit
274 1134 340 1183 non
363 1111 479 1176 mirum
501 1121 560 1194 est,
584 1110 610 1174 si
639 1109 694 1176 vel
719 1111 805 1175 inter
833 1110 1014 1176 simillimas
1039 1110 1235 1177 scholiorum

136 1221 340 1308 tragicorum
382 1231 414 1286 et
449 1220 701 1287 Homericerum
738 1229 829 1285 notas
870 1219 995 1305 aliquid
1039 1219 1236 1286 discriminis

137 1332 174 1396 in
204 1330 357 1396 universa
393 1329 581 1416 explicandi
613 1328 873 1412 observandique
896 1329 1022 1396 ratione
1049 1327 1234 1395 intercedit.

136 1439 184 1505 ibi
205 1438 454 1524 grammaticum
477 1439 644 1521 habemns,
675 1438 730 1524 qui
752 1438 941 1504 Aristotelis
964 1448 1140 1527 praecepta
1170 1438 1234 1504 suis

138 1547 423 1614 observationibus
452 1547 569 1635 prebat
598 1545 842 1634 diligenterque
872 1556 978 1625 notat,
1008 1546 1063 1613 ubi
1095 1571 1166 1613 cum
1195 1548 1234 1613 iis

138 1655 327 1722 consentire
352 1656 407 1720 vel
427 1655 467 1719 ab
488 1654 527 1720 iis
549 1653 713 1720 decedere
737 1653 908 1719 videantur
929 1665 1056 1742 poetae,
1088 1655 1142 1720 hic
1165 1655 1234 1743 phi·
1320 1690 1324 1700 ·

137 1764 323 1853 losophum,
355 1765 411 1850 qui
438 1785 504 1829 non
534 1763 610 1829 satis
638 1763 738 1828 habet
760 1765 963 1830 examinasse
989 1764 1059 1853 ipsa
1080 1765 1234 1850 carmina,

138 1897 219 1940 num
241 1883 465 1958 congruerent
489 1896 563 1938 cum
581 1872 729 1957 magistri
744 1873 938 1961 praeceptis,
960 1873 1018 1939 sed
1041 1874 1096 1958 qui
1118 1873 1234 1940 eodem

139 1983 323 2050 Aristotele
345 1982 429 2048 duce
452 2005 564 2048 causas
589 1981 687 2046 simul
710 2002 826 2046 eruere
847 1981 956 2046 studet
978 1983 1042 2048 alte
1063 1983 1234 2048 inhaeren-

138 2102 190 2158 tes
207 2099 342 2157 naturae
365 2091 536 2174 humanae,
560 2111 641 2175 qnae
659 2089 764 2155 omnis
785 2112 922 2178 poeseos
937 2091 1003 2155 vim
1019 2094 1235 2180 voluptatem·

140 2222 203 2286 que
230 2201 382 2268 efficiant.
402 2201 465 2266 hoc
480 2199 656 2266 discrimen
669 2200 789 2265 clarius
803 2199 1017 2285 intellegetur
1031 2201 1231 2288 perlustrato

139 2309 262 2375 maiore
282 2310 481 2376 scholiorum
505 2308 808 2397 Porphyrianorum
831 2331 978 2376 numere.
1014 2304 1017 2314 '

238 2419 307 2484 Iam
330 2419 357 2484 si
379 2418 549 2507 pergimus
571 2417 605 2484 in
627 2418 839 2484 recensendis
862 2419 1049 2485 notionibus
1069 2442 1088 2482 a
1106 2429 1234 2505 tragoe-

140 2527 193 2592 dia
223 2528 257 2592 in
289 2529 467 2594 Homerica
502 2529 645 2594 carmina
681 2529 848 2594 translatis
881 2529 977 2594 etiam
1003 2527 1038 2594 in
1062 2526 1233 2613 Odysseae

139 2635 274 2705 scholiis
297 2637 388 2725 epica
407 2638 550 2702 carmina
575 2636 749 2723 τραγῳδίαι
766 2645 925 2702 vocantur
936 2637 1038 2702 veluti
1051 2636 1153 2702 schol.
1166 2637 1233 2720 HQ

138 2745 239 2811 3499
269 2738 338 2812 sind
367 2747 458 2811 θεοῦ
482 2740 543 2831 τήν
571 2735 672 2830 ἀρχὴν
693 2749 750 2831 τῆς
771 2744 1003 2832 τραγῳδίας
1024 2737 1232 2828 ποιούμενος,

141 2853 200 2919 cfr.
223 2853 267 2918 ib.
285 2852 357 2918 542.
402 2852 579 2918 cohaerere
602 2850 758 2917 videntur
784 2874 857 2917 cnm
882 2851 944 2916 hac
964 2849 1155 2936 tragoediae
1179 2871 1234 2916 no·

142 3056 167 3099 st
186 3047 290 3099 solutas
309 3049 395 3112 fairra
415 3048 519 3114 opinor,
547 3064 565 3097 α
582 3046 791 3114 Porphyriones
810 3056 882 3097 certe
908 3062 961 3113 qua
977 3061 1047 3095 nanc
1064 3043 1236 3095 incolerentur

137 3143 330 3211 disputationis
356 3143 468 3212 prolixa
499 3141 679 3210 amplitudine
710 3143 787 3209 longe
815 3141 944 3193 diversas.
980 3138 1079 3192 contra
1108 3151 1177 3205 quos
1201 3134 1235 3188 R.

137 3235 430 3292 Wachsmuthius
447 3233 568 3306 genuina
587 3252 620 3290 ea
639 3251 700 3291 esse
718 3234 912 3289 demonstrare
931 3238 1048 3289 conatus
1067 3232 1157 3288 estin
1177 3230 1234 3286 dis-

138 3335 290 3389 sertatione
313 3337 344 3387 de
363 3337 523 3388 Aristotelia
542 3335 639 3387 studiis
660 3336 810 3387 Homericis
835 3330 960 3386 Berolini
976 3332 1044 3384 1863
1063 3330 1233 3399 conscripta.

238 3431 273 3484 74
289 3428 367 3483 Iusto
380 3429 469 3500 magis
487 3429 619 3498 neglecta
637 3445 697 3482 esse
715 3428 848 3482 videntur
856 3427 1032 3497 problemata
1043 3424 1235 3494 Porphyriana

138 3526 169 3579 in
191 3524 365 3594 explicandis
389 3524 469 3578 Artis
488 3523 619 3579 Poeticae
637 3523 828 3578 Aristoteleae
852 3523 921 3577 locis
946 3520 1162 3584 difficilioribus,
1187 3517 1236 3588 qui

137 3622 213 3676 hand
231 3638 295 3676 raro
314 3621 450 3692 singulari
464 3620 550 3676 modo
567 3621 601 3676 iis
620 3621 808 3676 illustrantur.
825 3622 986 3674 accuratam
1005 3617 1151 3672 notionum
1170 3615 1232 3669 Ari·

137 3720 318 3776 stotelearum
334 3718 517 3788 aPorphyrio
528 3717 717 3772 adhibitarnm
726 3717 974 3786 investigationem
985 3715 1030 3770 vel
1039 3711 1232 3783 intellegendo

137 3814 180 3869 illi
198 3815 359 3870 Aristotelis
378 3815 458 3886 operi
476 3832 532 3870 non
553 3815 613 3869 sine
632 3813 725 3870 fructu
749 3813 809 3870 iore
828 3818 905 3883 puto.
946 3811 994 3876 sic,
1019 3815 1051 3865 ut
1075 3808 1235 3878 exemplum

137 3912 337 3984 afferam(na1'n
357 3915 446 3968 totam
463 3912 536 3967 hanc
554 3913 744 3981 quaestionem
763 3910 914 3982 profligare
931 3925 988 3963 non
1005 3907 1088 3962 huius
1106 3909 1149 3960 est
1165 3903 1233 3975 loci)

137 4027 173 4065 ex
190 4011 302 4065 scholiis
312 4010 396 4066 modo
407 4010 540 4066 exhibitis
552 4010 700 4066 verborum
718 4009 754 4064 ἵν’
773 4010 804 4063 ἐκ
821 4010 868 4061 τοῦ
886 4002 994 4065 πάθους
1009 3995 1233 4081 carcasensem

136 4103 167 4160 rb
186 4108 291 4160 τοιοῦτο
309 4101 409 4178 μόριον
426 4108 473 4175 τῆς
489 4109 588 4179 ψυχῆς,
619 4108 813 4176 quae'aperte
840 4102 1051 4159 celeberrimam
1074 4096 1233 4154 Aristotelis

136 4196 274 4274 κάθαρσιν
301 4203 357 4258 τῶν
382 4199 557 4276 παθημάτων
584 4203 756 4273 respiciunt,
783 4198 993 4256 memorabilem
1020 4194 1234 4266 explicationem

135 4300 253 4370 praebet
275 4304 431 4355 extremum
448 4300 573 4355 scholion
592 4298 628 4360 ὡς
648 4293 757 4370 ἄριστος
774 4295 873 4370 ἰατρὸς,
886 4298 997 4368 πρῶτον
1008 4289 1180 4348 ἀναστέλλων
1198 4285 1230 4342 τὰ

136 4392 277 4468 νοσήματα
295 4397 341 4465 τῆς
363 4397 454 4468 ψυχῆς
473 4391 586 4468 ὕστερον
602 4394 652 4464 τὴν
670 4402 744 4451 ἴασιν
763 4389 873 4465 ἐπάγει.
