3020 5020
634 367 700 454 ἐι

130 571 329 660 percipimus
353 575 489 656 fructus,
512 581 549 640 ut
567 595 667 640 unum
684 581 774 640 certe
794 572 927 637 illorum
949 568 1145 636 iudiciorum
1170 587 1227 652 ge·

128 703 201 763 nus,
226 703 309 768 quae
334 684 575 772 Aristophanes
599 683 640 748 de
662 681 838 748 virtutibus
859 681 1043 746 fabularum
1064 677 1227 767 hypothe-

127 791 217 857 sibus
239 791 306 859 snis
329 792 465 877 addidit,
489 815 575 859 nova
598 813 732 878 prorsus
764 800 797 856 et
819 789 998 856 clarissima
1018 789 1094 854 luce
1118 786 1228 852 videa·

128 921 202 964 mue
227 899 462 966 collustratum.
504 901 531 966 si
553 921 617 986 qua
638 899 755 992 ,fabula
777 899 823 964 ita
852 899 951 964 fuerit
974 903 1169 985 comparata,
1191 901 1228 958 ut

129 1029 200 1072 eam
224 1008 466 1097 Aristophanes
504 1010 572 1075 sive
604 1019 740 1097 proptor
775 1008 963 1073 universam
991 1007 1135 1074 indolem
1157 1004 1228 1072 sive

127 1126 264 1206 propter
297 1117 502 1206 singularum
532 1139 723 1192 scaenarum
757 1116 1026 1201 compositionem
1057 1117 1091 1180 in
1116 1135 1227 1180 nume·

129 1247 202 1290 rum
227 1245 340 1291 earum
364 1224 577 1310 relegandam
602 1246 672 1292 esse
695 1235 854 1309 censeret,
882 1248 962 1311 quas
983 1215 1120 1292 seouirdi
1143 1222 1228 1290 ordi·

128 1332 180 1399 nis
201 1354 275 1400 esse
304 1332 469 1430 indicaret
499 1329 551 1418 (cd
575 1334 682 1419 δρᾶμα
709 1337 775 1399 τῶν
801 1333 986 1420 δευτέρων),
1008 1332 1164 1400 iudicium
1188 1352 1228 1397 eo

129 1443 303 1529 probabat,
337 1451 373 1508 ut
399 1443 599 1510 enumeratis
621 1443 759 1527 scaenis,
788 1464 870 1528 quae
903 1443 964 1530 ipsi
985 1463 1053 1508 non
1076 1441 1227 1527 displice-

130 1561 215 1633 rent,
239 1573 292 1618 cas
317 1549 463 1635 adderet,
486 1575 567 1640 quas
582 1552 634 1618 his
649 1552 716 1618 illis
731 1551 838 1616 causis
855 1559 1035 1617 commotus
1056 1575 1076 1616 a
1096 1560 1226 1636 tragoe-

127 1659 203 1726 diae
226 1660 425 1736 sublimitate
460 1661 582 1726 alienas
613 1669 752 1749 putaret.
811 1670 844 1726 ot
871 1659 906 1727 in
940 1660 1002 1725 heo
1038 1680 1228 1745 quoquere

126 1778 218 1836 certa
241 1771 381 1856 quadam
406 1769 547 1836 formula
572 1791 650 1835 usus
673 1791 744 1835 esse
766 1769 897 1834 videtur
918 1768 1170 1857 Aristophanes,
1192 1789 1229 1834 ea

128 1899 262 1968 nempe,
286 1901 367 1968 quae
390 1901 433 1946 ex
454 1879 608 1946 universa
623 1878 864 1967 significatione
885 1873 924 1945 τδ
947 1878 1054 1962 δρᾶμα
1072 1880 1139 1943 τῶν
1159 1878 1229 1943 δεο-
1251 1925 1257 1939 .

126 1985 232 2071 τέρων
251 1988 340 2054 ultro
361 1988 477 2054 fluxit:
501 1986 535 2053 ἐν
556 1990 603 2074 τῷ
623 1986 765 2074 δευτέρῳ
787 1985 889 2072 μέρει.

225 2095 323 2178 Quod
349 2095 508 2162 eiusmodi
537 2103 805 2180 argumentorum
843 2093 948 2159 indoli
979 2093 1074 2158 altius
1102 2093 1228 2183 perspi-

126 2202 264 2272 ciendae
287 2225 330 2270 ex
349 2213 441 2269 certo
471 2205 533 2269 hoc
564 2203 751 2270 testimonio
782 2201 937 2287 eruimus,
968 2203 1003 2268 id
1025 2203 1146 2268 infixa
1169 2202 1227 2268 illa

127 2333 253 2397 norma,
275 2311 316 2377 ad
341 2333 437 2397 quam
454 2311 693 2399 Aristophanes
714 2310 841 2376 fabulas
863 2312 947 2376 solet
962 2332 1148 2394 recensere,
1169 2333 1224 2376 re·

125 2421 225 2508 liquis
256 2421 457 2508 argumentis
488 2419 676 2486 coniectura
704 2421 818 2486 licebit
839 2420 1015 2504 vindicare,
1047 2421 1226 2508 perbrevia

129 2530 256 2597 seilicet
275 2530 332 2596 illa
353 2529 473 2596 indicia
496 2529 693 2617 amplificata
715 2530 815 2596 fuisse
837 2531 877 2596 iis
900 2530 1028 2614 additis,
1061 2551 1144 2614 quae
1170 2538 1225 2594 aut

127 2638 259 2706 laudem
281 2649 339 2705 aut
359 2639 559 2727 vituperium
585 2639 715 2705 fabulae
736 2641 997 2728 comprobarent.
1039 2639 1075 2702 in
1097 2638 1228 2704 mama·

126 2749 168 2816 tis
190 2749 286 2837 primi
314 2749 439 2815 ordinis
474 2744 526 2830 (τδ
555 2748 667 2836 δρᾶμα
694 2751 761 2812 τῶν
782 2743 940 2833 πρώτων)
963 2748 1069 2835 ipsum
1093 2747 1227 2814 Andro·
1294 2795 1297 2802 .

127 2858 271 2942 machao,
292 2857 380 2943 quod
393 2857 492 2943 vulgo
515 2857 692 2942 ferebatur,
713 2867 945 2943 argumentum
960 2877 1107 2922 normam
1131 2876 1226 2944 prae·

127 2967 204 3033 bere
226 2976 346 3054 potest,
365 2968 407 3034 ad
430 2990 528 3054 quam
551 2975 761 3033 enumeratae
785 2967 908 3032 fuerint
922 2967 1061 3032 virtutes
1080 2966 1226 3052 singula·

126 3097 200 3140 rum
223 3097 425 3142 scaenarum.
456 3076 491 3140 in
512 3076 561 3155 iis,
597 3098 735 3163 quorum
769 3075 877 3140 exitus
910 3073 1100 3139 comoediae
1123 3074 1228 3161 magis

124 3184 258 3273 propria
281 3184 401 3250 dicitur
419 3183 473 3269 (τό
495 3184 602 3269 δρᾶμα
619 3183 850 3270 κωμικωτέραν
874 3180 942 3265 ἔχει
963 3183 1025 3270 τήν
1045 3206 1229 3269 καταστρο-
1241 3200 1265 3228 ‘

125 3288 206 3382 φῆν)
230 3315 294 3358 non
316 3294 412 3360 aliter
437 3305 535 3380 atque
556 3295 589 3360 in
613 3293 769 3360 dramatis
787 3297 856 3360 τῶν
875 3292 1038 3377 δευτέρων
1062 3315 1116 3359 eas
1139 3316 1229 3360 scae·

123 3423 182 3468 nas
210 3403 382 3490 probabile
415 3411 465 3469 est
487 3404 588 3470 fuisse
621 3404 820 3489 significatas
834 3456 843 3488 ,
876 3427 960 3490 quae
990 3427 1033 3470 ex
1064 3404 1227 3471 sententia

126 3512 358 3601 Aristophanis
381 3513 573 3580 comoediae
595 3514 878 3600 praeseferrent
904 3514 1059 3580 colorem.
1095 3513 1128 3578 id
1151 3535 1227 3580 sane

124 3622 178 3688 vel
201 3643 243 3688 ex
263 3621 445 3690 decurtatis
469 3621 590 3688 nestris
613 3623 816 3709 argumentis
840 3619 994 3708 cognosci
1018 3631 1137 3711 potest,
1160 3647 1227 3690 non

125 3731 202 3796 satis
226 3731 381 3798 habuisse
407 3731 665 3820 Aristophanem
687 3733 720 3797 in
745 3732 934 3798 universum
962 3732 1003 3798 de
1033 3733 1232 3821 praestantia

128 3840 312 3906 fabularum
335 3862 480 3923 monere,
503 3841 573 3907 sed¹
587 3843 629 3908 de
649 3840 941 3928 singulisquoque
961 3840 1087 3908 scaenis
1112 3863 1227 3929 persa·
1340 3861 1343 3870 ·

123 3949 218 4014 nisae
241 3969 316 4014 eum
337 3948 509 4016 iudicasse.
561 3950 664 4015 veluti
686 3949 720 4014 in
742 3973 869 4036 argum.
900 3949 1009 4017 Orest.
1032 3951 1111 4036 (Vl)
1133 3973 1227 4040 prae·

123 4065 173 4124 ter
195 4056 355 4124 iudicium
388 4057 430 4124 de
460 4059 587 4124 comico
614 4059 746 4124 fabulae
778 4059 872 4124 exitu
904 4061 987 4126 haec
1027 4069 1155 4126 extant:
1188 4055 1227 4126 τδ

123 4166 230 4250 δρᾶμα
262 4169 329 4232 τῶν
364 4166 421 4234 ἐντὶ
452 4170 572 4255 σκηνῆς
603 4161 881 4252 εὐδοκιμούντων,
915 4169 1078 4251 χείριστον
1102 4169 1138 4236 δὲ
1156 4173 1228 4249 τοῖς

106 4264 237 4359 ,ἤθεσι
278 4271 367 4364 radda
387 4276 448 4364 γὰρ
470 4271 626 4344 Πυλάδου
648 4271 772 4356 πάντες
793 4279 924 4367 φαῦλοι.
949 4279 1047 4345 etiam
1067 4278 1227 4368 ampliora

124 4381 166 4449 de
187 4385 326 4472 singulis
349 4387 474 4454 scaenis
497 4388 654 4476 leguntur
677 4385 712 4450 in
734 4408 830 4474 argg.
855 4386 939 4456 Oed.
956 4387 1028 4454 Uol.
1051 4387 1164 4473 (VIII)
1186 4397 1220 4454 ot
