3030 5028
811 379 852 445 28

291 568 409 653 Agam.
432 567 554 651 (Xl'V).
609 568 650 634 de
678 565 728 633 his
752 567 882 635 iudiciis
904 567 1081 634 tenendum
1107 571 1165 649 cst,
1197 587 1263 630 non
1285 563 1400 634 certis.

290 698 328 741 ea
359 675 458 740 fuisso
489 676 623 742 astricta
652 677 774 744 normis
800 675 1015 757 formulisve,
1046 676 1106 742 sed
1141 696 1201 761 pro
1227 673 1384 739 varietate

185 767 193 788 .
224 827 227 832 -
289 806 400 850 rerum
423 785 519 851 modo
537 785 691 852 uberiora
709 786 806 852 modo
823 786 970 852 tenuiora
990 785 1101 852 fuisse.
1145 783 1306 849 notandae
1328 782 1385 848 de·

291 891 390 978 nique
414 901 567 959 sunteas
591 896 845 977 observationes,
872 895 988 982 quibus
1017 915 1114 980 quom
1136 892 1235 957 finem
1253 901 1389 980 spectet

289 1001 400 1067 sabula
425 1002 627 1070 edoceamur.
684 1003 842 1069 eiusmodi
862 1003 992 1069 brevior
1015 1003 1137 1088 legitur
1158 1001 1193 1065 in
1214 1022 1283 1101 prg.
1298 999 1385 1088 Sup-

288 1109 365 1196 plic.
387 1111 498 1195 (XXI)
515 1107 554 1177 νδ
578 1112 614 1178 δὲ
625 1113 733 1197 δρᾶμα
744 1108 903 1200 ἐγκώμιον
916 1104 1076 1198 Ἀθηνῶν,
1098 1110 1236 1197 amplior
1257 1111 1291 1174 in
1314 1131 1385 1196 arg.

292 1215 375 1285 Oed.
399 1217 470 1286 Col.
496 1221 620 1305 (vni).

390 1327 461 1413 His,
483 1351 567 1415 quas
589 1331 630 1394 de
654 1341 722 1395 arte
752 1332 785 1396 in
813 1331 992 1418 tragoediis
1027 1331 1202 1420 conspicua
1235 1349 1277 1393 cx
1306 1325 1388 1416 ipsis

290 1437 544 1522 Aristophanois
566 1439 681 1504 hausta
704 1450 779 1506 aunt
797 1439 1046 1528 hypothesibus,
1074 1460 1175 1504 unum
1192 1438 1387 1522 subiungam

290 1547 408 1625 locum,
434 1569 531 1633 qnam
553 1539 740 1615 οἷδέσπουον
760 1549 846 1614 inter
877 1558 1070 1637 argumenta
1090 1547 1258 1636 Euripidis
1281 1547 1388 1612 Phoe·

290 1653 452 1719 nissarnm
474 1654 630 1720 traditum
653 1656 777 1722 auctori
801 1657 933 1721 suniam
955 1653 1108 1728 reddare,
1128 1665 1165 1719 ut
1181 1675 1291 1743 spero,
1306 1655 1390 1719 licc-

291 1762 349 1828 hit.
388 1762 582 1830 *Dindorfius
608 1765 722 1831 scholi.
747 1765 823 1832 Eur.
841 1765 905 1840 vol.
919 1765 970 1830 III
992 1767 1056 1854 pb
1088 1745 1202 1851 quarto
1226 1764 1300 1830 loco
1321 1763 1386 1830 hoc

291 1873 475 2000 argumenti
506 1874 643 1939 alicuius
675 1874 898 1959 fragmentum
930 1874 1080 1939 exhibet:
1110 1868 1149 1938 σδ
1177 1866 1284 1956 δρᾶμά
1317 1870 1388 1938 ἐστι

290 1977 350 2062 μὲν
368 1985 441 2060 σαῖς
463 1987 628 2068 σκηνικαῖς
646 1976 748 2069 δ’ψσσι
768 1980 915 2066 καλὸν,
899 2007 974 2050 επει
966 1983 1016 2028 ⁰⁸
1041 2006 1096 2048 και
1087 1981 1388 2067 παραπληριομα-

290 2084 394 2156 τικόν·
440 2086 463 2178 ἢ
484 2117 520 2158 τε
543 2085 611 2158 dat
635 2097 703 2158 τῶν
733 2093 867 2175 τειχέων
888 2085 1053 2179 Ἀντιγόνη
1083 2095 1262 2177 θεωροῦσα
1289 2089 1390 2175 μέρος
1498 2101 1499 2172 ζ

294 2193 353 2267 οὐκ
388 2198 458 2268 ἔστι
489 2196 668 2286 δράματος
704 2202 758 2268 καὶ
786 2197 999 2280 ὑπόσπονδος
1030 2193 1232 2288 Πολυνείκης
1256 2195 1390 2280 οδδενδς

245 2391 248 2400 .
293 2307 386 2376 ἕνεκα
418 2310 638 2396 παραγίνεται,
673 2306 693 2376 δ’
714 2333 750 2376 σε
772 2310 840 2377 ἐπὶ
872 2313 953 2377 πᾶσι
987 2311 1056 2395 μετ’
1092 2303 1180 2398 ᾠδῆς
1212 2304 1389 2391 ἀδολέσχου

294 2416 556 2507 φυγαδευόμενος
572 2417 732 2498 Οἰδίπους
750 2419 999 2506 προσέρραπται
1010 2419 1063 2487 διὰ
1082 2423 1184 2507 κενῆς.
1227 2420 1298 2508 ipsa
1321 2441 1390 2484 ma-

295 2529 387 2611 teria,
416 2529 619 2595 membratim
654 2530 785 2596 concisa
817 2530 917 2595 oratio
953 2528 1129 2594 admodum
1161 2529 1273 2594 similis
1308 2529 1389 2612 eius,

295 2661 390 2724 quam
413 2639 446 2703 in
466 2652 660 2724 argumento
682 2639 937 2706 Andromachae
969 2637 1256 2726 deprehendimus,
1278 2636 1390 2702 iudicii

221 2783 224 2790 ·
294 2748 436 2833 denique
452 2770 589 2814 acumen
610 2748 748 2814 suadent
763 2747 983 2831 fragmentum
1002 2747 1085 2812 illud
1102 2748 1211 2812 locum
1235 2745 1392 2812 habuisse

293 2856 328 2920 in
353 2856 584 2944 Aristophanis
608 2856 795 2944 hypothesi.
818 2855 905 2941 quod
930 2866 1020 2921 extat
1040 2864 1268 2942 argumentum
1284 2853 1390 2919 Phoe-

293 2965 454 3032 nissarum
477 2965 595 3030 mirum
615 2966 650 3030 in
671 2965 803 3030 modum
827 2966 1009 3030 mutilatum
1034 2964 1117 3029 nihii
1138 2965 1237 3029 habet
1257 2962 1300 3028 de
1327 2971 1389 3028 tra·

296 3075 434 3162 goediae
456 3076 655 3162 praestantia
678 3077 896 3140 observatum.

395 3185 465 3250 Iam
491 3206 566 3248 cum
589 3182 630 3248 de
652 3184 691 3248 iis
710 3185 857 3271 partibus
878 3193 1157 3267 argumentorum,
1181 3203 1264 3267 quae
1284 3179 1389 3245 didas·

298 3293 400 3359 calica
413 3294 581 3359 continent
600 3305 632 3358 et
645 3315 817 3358 numerum
832 3282 1119 3374 tabularum'nihil
1133 3291 1282 3374 habeam,
1302 3287 1389 3375 quod

296 3402 412 3468 doctae
435 3402 675 3472 Schneidewini
705 3401 968 3468 commentationi
998 3400 1127 3485 addam,
1147 3400 1188 3465 de
1211 3422 1250 3464 ca
1272 3407 1392 3484 autom,

296 3533 359 3599 qua
379 3512 524 3578 ciusdem
548 3513 653 3598 mythi
676 3513 803 3578 fabulae
828 3511 1031 3577 diversorum
1056 3520 1225 3598 poetarum
1249 3510 1336 3574 inter
1355 3527 1389 3572 se

296 3631 534 3708 comparantur,
565 3622 649 3686 infra
680 3619 792 3709 paucis
814 3619 874 3685 sim
905 3619 1139 3708 disputaturus
1170 3638 1307 3683 necesse
1334 3627 1393 3701 est,

297 3787 493 3795 ........-.....
922 3770 936 3800 ι

404 3895 438 3948 38
454 3889 529 3947 Ἐπεὶ
548 3898 596 3946 καί
611 3891 657 3946 vol
675 3892 736 3950 ἐπεὶ
760 3891 792 3944 δὲ
810 3896 858 3944 καί
872 3890 961 3958 codd,
982 3889 1057 3959 quod
1080 3893 1257 3959 corruptum.
1299 3890 1338 3942 ἔτι
1356 3889 1390 3942 δέ

300 3988 346 4042 vel
372 3990 429 4042 ἔστι
451 3990 486 4043 δέ
502 3988 623 4043 coniecit
641 3987 838 4041 Kirchhoffius.
866 3986 995 4056 equidem
1018 3986 1131 4056 gravius
1158 3990 1227 4055 puto
1251 3985 1305 4038 hoc
1331 3983 1392 4038 ioco

297 4101 356 4138 esse
374 4087 528 4153 peccatum
549 4086 715 4152 expectatur
733 4081 846 4151 aliquid
867 4080 1012 4177 quodrm'r
1030 4086 1168 4146 σκηννκαῖς
1186 4074 1271 4148 ὄψεσι
1261 4078 1327 4133 rsit
1345 4096 1393 4148 op·

296 4180 428 4250 positum,
446 4179 558 4233 veinti'
551 4197 580 4232 in
608 4196 667 4250 arg.
686 4179 732 4233 Or.
752 4179 799 4232 int
829 4179 929 4245 σκηνῆς
947 4179 976 4230 et
1001 4183 1055 4236 τοῖς
1072 4171 1153 4243 adeat
1171 4175 1247 4230 iuter
1262 4192 1292 4229 se
1308 4190 1394 4244 oppo-

296 4280 411 4330 nuntur.
436 4290 519 4344 quiere
538 4278 600 4331 ants
618 4276 679 4330 inst
690 4275 788 4330 lacuna
798 4271 953 4329 statuenda.
990 4271 1195 4326 Heimsoethius
1211 4269 1319 4326 mavult
1333 4271 1410 4341 ἔχει.

298 4373 330 4426 δὲ
349 4376 394 4426 καὶ
411 4388 463 4443 pro
482 4372 542 4426 tau
560 4373 592 4428 δὲ
608 4377 662 4426 καί.
