3020 5020
620 370 622 373 ’
667 355 710 423 63

142 545 261 629 δρᾶμα.
302 539 342 608 τὰ
368 539 428 630 γὰρ
457 539 530 630 ἑξῆς
558 534 704 608 αἷνοίκεια
732 543 1019 627 γνωμολογοῦνευς
1051 539 1240 628 Οἰδίποδος,

143 654 297 738 quoniam
320 673 404 739 quae
426 652 526 716 hodie
550 652 652 717 choro
673 651 860 718 tribuuntur
878 651 997 740 Oedipi
1012 675 1082 718 esse
1103 657 1240 719 censuit.
1315 717 1317 724 .

144 783 207 828 nec
230 763 367 826 multum
389 786 407 826 ι
427 761 591 849 vituperio
614 783 712 825 causa
730 760 839 844 distat,
863 782 957 845 quam
973 761 1136 848 Didymus
1148 741 1242 827 affert

142 871 176 935 in
199 869 325 936 scholio
348 870 411 934 iam
434 893 533 957 snpra
556 878 640 933 tacto
659 868 699 932 ad
716 869 811 935 Aiac.
826 867 896 949 815,
918 869 1170 958 curSophocles
1193 894 1241 936 se·

142 981 244 1046 lemni
267 1005 286 1045 a
308 979 558 1063 consuetudine,
595 989 733 1044 mortem
769 979 894 1043 scilicet
923 979 1060 1046 alicuius
1082 1002 1242 1067 personae

141 1113 210 1156 non
232 1100 308 1156 ante
331 1090 443 1154 oculos
471 1094 701 1173 spectatorum'
726 1087 871 1176 ponendi
905 1089 964 1155 sed
1000 1112 1060 1176 per
1094 1090 1241 1154 nuntium

144 1198 333 1282 enarrandi,
350 1198 531 1264 decesserit
544 1207 642 1282 atque
658 1197 794 1262 Aiacem
809 1196 981 1263 induxerit
991 1198 1025 1263 in
1040 1201 1111 1286 ipsa
1125 1220 1244 1262 scaena

143 1307 256 1396 gladio
279 1329 314 1372 se
336 1306 590 1395 perfodientem.
635 1307 697 1371 iam
730 1307 851 1390 monui,
874 1307 960 1372 hanc
982 1306 1242 1374 observationem

143 1416 325 1484 arctissime
346 1417 525 1482 cohaerere
544 1417 623 1480 ‘cum
636 1425 723 1480 -nota
745 1415 802 1480 illa
816 1415 1058 1502 Aristophanis,
1083 1437 1178 1500 quam
1201 1415 1243 1481 da

145 1536 251 1593 morte
264 1523 527 1612 Agamemnonis
539 1525 578 1588 ab
591 1523 761 1611 Aeschylo
783 1524 915 1613 proprio
940 1524 1080 1608 quodam
1105 1517 1242 1591 artificio
1344 1589 1349 1606 ,

144 1644 365 1723 spectatorum
391 1632 492 1698 menti
514 1632 688 1699 informata
710 1641 904 1718 argumento
935 1655 992 1698 suo
1019 1631 1168 1720 ascripsit
1198 1634 1242 1716 (v.
1311 1695 1315 1708 ,

145 1767 178 1830 p.
191 1744 342 1829 45sqq.).
364 1720 486 1808 ibidem
505 1741 664 1807 nonnulla
684 1741 809 1806 scholia
830 1743 870 1806 ad
893 1741 1117 1808 illustrandam
1132 1751 1241 1806 notam

146 1853 211 1918 iam
239 1852 350 1937 attuli,
382 1851 495 1918 Aiacis
530 1850 605 1937 huic
635 1851 710 1918 loco
744 1851 928 1934 reservavi,
957 1850 1077 1937 quippe
1110 1872 1174 1938 quo
1203 1850 1242 1915 ad
1310 1926 1313 1933 1

146 1961 374 2048 quaestionem
393 1959 561 2040 ducamur,
583 1959 803 2048 quae-*paucis
824 1959 1047 2024 adumbrantia
1070 1960 1141 2028 erit.
1185 1960 1243 2024 ob-

28 2137 32 2146 ,
146 2079 257 2136 servat
278 2068 391 2154 igitur,
412 2079 449 2134 nt
471 2069 565 2136 nobis
591 2069 656 2134 iam
680 2069 826 2136 breviter
839 2068 1034 2158 loquilicet,
1059 2069 1240 2156 Didymus:
1261 2110 1263 2115 ·

146 2173 334 2262 μετάκειται
361 2173 384 2265 ἡ
403 2174 501 2265 capri
524 2177 576 2244 ἐπ’
599 2172 720 2264 ἐρήμου
743 2175 831 2256 τινος
851 2179 984 2265 χωρίου,
1006 2175 1092 2245 ἔνθα
1114 2174 1132 2246 ὁ
1154 2174 1246 2258 Αἴας

145 2280 342 2375 εὐτρεπίσας
359 2283 398 2354 τὰ
421 2287 518 2377 ξίφος
542 2286 635 2374 ρῆσίν
657 2311 729 2352 τινα
751 2283 818 2370 πρὸ
839 2291 898 2354 τοῦ
915 2282 1062 2355 θανάτου
1077 2288 1245 2377 προφέρε-

54 2421 57 2427 ’
90 2471 102 2482 ,
145 2419 211 2482 ται,
232 2395 308 2472 ἐπεὶ
321 2396 450 2481 γελοῖον
469 2383 508 2482 ἦν
529 2391 644 2482 κωφὸν
660 2390 855 2462 εἰσελθόντα
875 2401 1071 2480 περιπεσεῖν
1085 2401 1132 2483 τῷ
1148 2396 1246 2486 ξίφει.

148 2503 283 2574 ἔστιδὲ
311 2501 352 2572 τὰ
380 2508 516 2571 τοιαῦτα
542 2499 633 2590 παρὰ
661 2509 733 2583 τοῖς
754 2506 908 2583 παλαιοῖς
928 2501 1059 2572 σπείνια.
1104 2501 1246 2574 εἰώθασι
1347 2503 1348 2508 ’

145 2610 206 2701 γὰρ
228 2611 269 2679 τὰ
289 2614 502 2700 πεπραγμένα
522 2615 562 2681 δι’
584 2605 725 2700 ἀγγέλων
746 2606 967 2699 ἀπαγγέλλειν.
1004 2614 1037 2679 τί
1058 2602 1174 2681 οὖντὸ
1195 2609 1247 2680 αί-

146 2745 237 2803 τιον,·
257 2717 383 2812 φθάνει
403 2719 572 2806 Αἰσχύλος
594 2723 628 2790 ἐν
650 2717 815 2814 Θρῄσσαις
836 2720 894 2809 τὴν
914 2715 1078 2808 ἀναίρεσιν
1098 2719 1248 2803 Αἴαντος

147 2832 189 2898 δι’
210 2822 343 2916 ἀγγέλου
369 2822 584 2917 ἀπαγγείλας·
619 2825 702 2910 ἴσως
731 2819 788 2897 οὖν
812 2837 1019 2915 καινοτομεῖν
1044 2827 1246 2916 βουλόμενος

149 2941 205 3010 καί
226 2939 271 3027 μῆ
294 2940 554 3008 κατακολουθεῖν
580 2945 663 3019 τοῖς.
681 2935 792 3024 ἑτέρου
814 2936 902 3020 τινος
920 2936 976 3006 ὑπ’
1001 2931 1082 3025 ὄψιν
1100 2944 1185 3029 θῆκε
1206 2937 1245 3008 τὸ

147 3045 324 3135 δρώμενον.
347 3044 368 3137 ἢ
386 3050 509 3134 μᾶλλον
531 3048 687 3138 ἐκπλῆξαι
705 3043 915 3132 βουλόμενος·
939 3047 1009 3136 εἰκῆ
1030 3046 1089 3136 γαρ
1111 3071 1247 3138 κατηγο-

149 3161 220 3244 ρεῖν
241 3150 357 3243 ἀνδρὸς
377 3158 520 3224 παλαιοῦ
543 3149 602 3240 οὐχ
622 3152 716 3224 ὅσιον
739 3149 814 3225 οὐδὲ
833 3157 1004 3224 δίκαιονθλ.
1025 3160 1131 3246 potuit
1143 3159 1246 3245 igitur

148 3267 314 3352 Didymus
347 3265 472 3333 nullam
510 3267 605 3336 aliam
639 3265 790 3332 insolitae
823 3266 999 3354 Sophoclis
1036 3267 1247 3333 oeconomiae

149 3397 279 3446 causam
302 3376 471 3461 detegere,
492 3376 557 3442 nisi
580 3376 668 3462 quod
681 3367 841 3441 ‘fortasse’
861 3397 931 3440 rem
953 3395 1075 3442 novare
1100 3375 1247 3444 studeret

149 3483 345 3571 Sophocles,
368 3507 441 3550 cum
463 3483 627 3570 Aeschyli
649 3485 683 3548 in
706 3484 857 3550 Thressis
881 3484 995 3550 Aiacis
1018 3495 1156 3550 mortem
1185 3507 1246 3572 per

151 3593 302 3660 nuntium
326 3593 509 3660 enarrantis
533 3593 673 3678 vestigia
694 3594 787 3678 sequi
808 3594 922 3660 nollet.
952 3593 1012 3659 hac
1037 3603 1245 3679 argumenta-

152 3701 241 3768 tione
263 3723 459 3787 qnamquam
485 3702 673 3768 dubitanter
696 3702 822 3796 prolata
845 3702 920 3766 lene
943 3701 1106 3787 quoddam
1129 3723 1245 3791 oppre-

150 3809 259 3876 hrium
284 3811 319 3874 in
343 3810 543 3900 Sophoclem
569 3810 727 3875 contineri
751 3832 847 3876 neme
879 3832 945 3875 non
973 3810 1072 3893 videt,
1106 3820 1139 3875 et
1165 3810 1248 3876 vidit
1347 3850 1350 3859 ·

149 3919 247 3984 etiam
272 3921 355 4002 altor
376 3920 561 4003 scholiasta,
584 3918 639 4004 qui
660 3919 831 3984 manifesta
853 3919 894 3984 de
913 3930 987 3996 tam*
1001 3919 1060 3985 vili
1082 3942 1179 3986 causa
1201 3920 1247 3983 in-

150 4028 342 4113 dignatione
364 4039 483 4112 motus,
516 4049 583 4095 nou
606 4037 671 4094 tam
697 4050 819 4095 novare
842 4050 913 4094 rem
935 4017 1079 4095 voluisse
1104 4039 1248 4117 poetam,

150 4157 249 4221 quam
272 4136 414 4203 terribili
438 4146 572 4226 aspectu
598 4137 753 4202 maiorem
776 4135 913 4202 iniicere
934 4146 1093 4203 terrorem
1117 4127 1243 4223 specta·

155 4291 350 4302 m

250 4377 285 4428 67
304 4371 377 4432 Οὐδὲ
394 4375 499 4430 δίκαιον
517 4373 596 4428 addit
609 4372 640 4428 G.
