3020 5020
798 357 839 421 ne
879 335 905 362 ·’

271 535 314 604 in'
328 541 484 627 pstrisml
536 541 563 608 si
596 540 727 606 domum
758 539 895 606 redierit
917 538 1051 606 meritus
1071 537 1204 606 necabit
1226 557 1280 604 me
1302 544 1367 602 tur·

271 647 406 737 pissime
439 659 494 715 nut
530 650 720 717 servitutem
751 648 882 715 servibo
914 649 1077 727 aemulae,
1112 647 1203 714 onius
1235 645 1369 714 domins

273 779 361 824 erem
384 768 489 824 entes.
530 768 563 824 et
596 781 655 824 cnr
677 757 836 846 peeesvi‘?
885 757 1103 847 perdiderunt
1123 779 1175 824 me
1204 757 1368 842 melignse

272 866 428 934 mulieres
458 868 492 935 in
513 867 779 934 Andromacham
801 889 854 933 me
883 866 1005 934 dolosis
1037 866 1218 934 excitantes
1248 865 1367 932 verbis.

273 996 409 1060 qnorum
423 976 616 1064 perniciosis
633 977 778 1043 consiliis
792 976 1000 1044 obedientem
1022 998 1075 1042 me
1091 986 1259 1064 praestans
1278 974 1368 1043 omni

272 1083 382 1174 priore
418 1085 550 1150 fortune
571 1107 642 1151 snm
670 1084 806 1172 privetu.
851 1105 963 1170 quere,
983 1107 1048 1150 non
1072 1083 1281 1168 semeldinc,
1301 1106 1369 1150 ms-

272 1193 338 1276 riti,
373 1194 426 1282 qni
461 1194 594 1280 quidem
635 1205 711 1260 sunt
742 1193 932 1280 prudentes,
967 1215 1034 1259 non
1064 1193 1185 1260 dehent
1212 1193 1369 1260 mulieres

272 1301 408 1369 sedibus
442 1302 607 1391 excipere,
644 1325 720 1368 nom
751 1302 815 1368 hee
847 1301 1008 1368 malorum
1037 1293 1249 1388 magistreel'
1291 1324 1369 1370 num

273 1411 351 1477 talis
373 1412 508 1497 reginos
528 1421 606 1476 sunt
627 1435 668 1479 sn
692 1412 907 1478 mulierculis
931 1411 1048 1478 misere
1062 1411 1179 1478 snxiee
1202 1421 1238 1477 et
1257 1435 1276 1478 s
1297 1434 1368 1478 ms-

273 1523 338 1588 rito
361 1522 499 1587 verbere
535 1520 823 1608 pertimescentis?
866 1521 969 1586 nihilo
998 1520 1116 1588 melius
1139 1542 1194 1588 res
1216 1543 1251 1587 se
1271 1520 1371 1588 hebet

274 1629 308 1696 in
330 1651 492 1714 sermone,
514 1652 579 1716 quo
610 1629 646 1695 in
673 1628 778 1718 ipssm
801 1629 1069 1696 Andromachum
1099 1629 1263 1696 invehitur
1282 1629 1370 1696 Her·

275 1738 396 1806 mione.
437 1760 521 1826 quse
542 1737 726 1823 excogitari
754 1747 878 1826 queunt
898 1738 1077 1828 opprobrie
1098 1737 1271 1805 meledicto
1291 1759 1367 1804 con·

274 1847 372 1930 vicis,
399 1847 481 1913 heco
507 1848 541 1912 in
571 1869 644 1913 esm
672 1847 791 1915 fundit.
846 1841 1101 1915 Andromschse
1119 1847 1370 1914 incantamentis

276 1957 432 2024 effectum
449 1979 532 2043 csse,
551 1966 588 2023 nt
601 1957 705 2024 invisa
725 1957 796 2044 ipss
810 1967 897 2024 esset
916 1958 1044 2043 msrito,
1065 1966 1103 2024 ut
1115 1959 1185 2024 fetu
1205 1981 1272 2044 non
1296 1979 1370 2044 grs-

273 2077 424 2134 vesceret
444 2075 569 2132 venter.
614 2075 648 2131 st
666 2066 814 2132 dstursm
836 2087 910 2132 esse
923 2051 1191 2135 Andromschsm
1213 2065 1371 2155 gravissi·

274 2199 358 2244 mem
386 2199 536 2267 poenam.
590 2187 659 2242 tum
687 2184 857 2242 enumeret
887 2175 1046 2242 cruciatus
1057 2227 1067 2260 ,
1099 2175 1216 2262 quibus
1238 2175 1371 2244 efficere

274 2287 354 2353 velit
377 2288 551 2371 somniem,
575 2297 607 2353 et
629 2295 831 2375 postremum
861 2285 942 2352 haee
967 2285 1115 2352 inaudite
1138 2285 1315 2373 opprobrie
1336 2283 1371 2352 in

270 2391 458 2462 ‘barborum
481 2389 598 2482 genns'
620 2397 763 2464 cumulet
785 2396 1021 2484 (v.173sqq.):

415 2501 523 2594 πατήρ
549 2529 585 2572 τε
606 2505 747 2592 θυγατρὶ
767 2509 848 2583 παῖς
869 2529 905 2571 τε
925 2503 1024 2592 μητρὶ
1045 2503 1192 2590 μίγνυται

413 2606 493 2698 κόρη
514 2613 541 2677 τ’
566 2603 709 2702 ἀδελφῷ,
729 2606 783 2678 διὰ
803 2606 909 2700 φόνου
931 2611 960 2678 d’
984 2606 1015 2677 oi
1037 2611 1190 2702 φίλτατοι

413 2723 566 2804 χωροῦσι,
589 2719 643 2787 καὶ
666 2721 759 2787 τῶνδ’
783 2712 877 2788 otidis
898 2718 1032 2807 ἐξείργει
1047 2716 1157 2804 νόμος.

275 2829 347 2914 quis
370 2829 411 2900 de
434 2830 492 2895 toli
513 2829 650 2916 reginae
672 2828 872 2894 Hermionae
894 2829 1041 2894 cretione
1062 2827 1223 2896 iudiessse
1242 2828 1371 2896 Aristo·

274 2939 415 3026 pbsnem
431 2939 492 3005 sibi
514 2937 723 3026 persuadent:
748 2937 803 3004 καὶ
823 2935 842 3006 d
864 2933 950 3026 πρὸς
970 2929 1193 3026 Ἀνδρομάχην
1211 2933 1308 3025 λόγος
1329 2930 1370 3006 cti

274 3050 381 3128 κακῶς
409 3043 517 3132 dxciv?
568 3056 604 3113 ut
636 3046 789 3132 equidem
817 3046 945 3114 restitui
977 3058 1206 3133 argumentum
1236 3055 1372 3137 receptu

275 3157 348 3225 eod.
372 3157 443 3222 Pol.
466 3157 497 3224 G
519 3155 683 3244 scripture
709 3149 728 3222 ὁ
757 3151 844 3240 πρὸς
871 3147 1095 3243 Ἀνδρομάχην
1126 3151 1221 3242 λόγος
1253 3153 1292 3224 od
1312 3180 1374 3222 κα-

275 3267 358 3346 λῶς
378 3261 463 3347 ἔχων
483 3275 516 3333 et
539 3273 660 3332 mntsts
679 3286 774 3348 voce,
806 3285 904 3350 qusm
926 3287 1066 3332 omnes
1091 3266 1251 3352 praebent
1283 3266 1371 3352 libri,

277 3369 460 3462 ὑφαίνουσα
483 3375 517 3440 in
539 3369 732 3463 ὑφαιροῦσα,
754 3371 864 3439 omnis
883 3371 981 3460 plsns
1004 3381 1132 3439 suntet
1152 3385 1251 3440 recte.

377 3483 617 3573 Aristophanes
640 3481 752 3548 lsudst
784 3481 916 3567 quidem
949 3481 1211 3568 Andromaches,
1243 3485 1373 3554 isbulse

277 3593 412 3660 secundi
437 3593 572 3676 ordinis,
603 3591 779 3680 prologum
802 3589 946 3657 lucidum
967 3590 1173 3680 pulchreque
1195 3593 1319 3660 dictum
1341 3605 1374 3662 et

278 3701 402 3788 elegius
428 3701 547 3785 threni,
569 3711 602 3767 st
623 3701 787 3789 vituperet
817 3700 998 3768 cretionem
1021 3701 1233 3784 Hermiones,
1253 3703 1375 3792 quippe

278 3831 363 3898 quse
384 3811 510 3896 regiam
533 3811 627 3878 tollst
647 3809 860 3896 msieststcm,
882 3819 916 3878 et
930 3809 1143 3878 contumelias
1159 3810 1229 3876 eius
1251 3809 1286 3876 in
1301 3811 1371 3880 An·

277 3921 485 3987 dromeohsm
507 3919 631 3986 missso.
661 3919 799 3986 Peleum
822 3929 948 4004 contre,
967 3918 1302 4006 quiAndromsohsm
1320 3943 1371 3990 re

278 4037 436 4113 moveret,
455 4030 539 4094 bene
562 4049 634 4094 esse
656 4028 836 4096 inductum.
879 4029 942 4096 hoo
962 4025 1107 4118 prudens
1129 4037 1179 4096 est
1200 4027 1371 4114 iudicium,

279 4137 398 4204 iustum
421 4137 689 4224 etAristophcne
707 4137 856 4223 dignum,
879 4137 973 4204 cuius
992 4148 1124 4204 scutum
1146 4146 1180 4203 et
1204 4139 1375 4240 concisum¹

279 4268 387 4334 genus
419 4245 550 4314 dicendi
581 4267 678 4312 nemo
712 4268 777 4315 non
807 4246 1036 4336 persentiscet.
1077 4256 1110 4315 st
1132 4247 1220 4334 quod
1242 4247 1372 4316 msioms

279 4355 434 4422 momenti
459 4354 623 4440 nobisest,
644 4377 687 4422 ex
701 4365 897 4442 argumento
915 4355 962 4423 its
975 4355 1124 4426 restituto
1145 4357 1180 4426 id
1199 4367 1373 4450 praetereo
