2994 5018
649 383 707 454 121

214 575 257 642 ib.
279 575 341 642 641
364 613 404 624 -
425 569 578 659 τοιαύτην
599 562 688 658 άτην,
721 571 794 638 οἵαν
822 561 930 648 οάδείς
959 567 1133 636 πέπονθεν
1160 568 1226 632 τῶν

129 683 317 753 Αἰακιδῶν·
347 681 544 770 παραμυθία
575 677 637 768 γάρ
660 680 729 748 ἐστι
754 675 794 746 τύ
817 678 963 763 μετέχειν
981 674 1054 746 τινά
1080 680 1147 744 τῶν
1166 679 1226 744 τοῦ

129 795 242 881 γένους
258 797 325 860 τῶν
345 785 453 860 αύτῶν
473 795 590 858 κακῶν.

215 902 330 986 Antig
351 905 414 972 955
444 898 564 988 ζεύχθη
591 903 619 968 δ
646 893 827 1029 ύξυχύλως.
845 895 884 964 τδ
907 894 994 985 ἑξῆς·
1020 891 1141 982 ζεύχθη
1163 919 1225 962 πε-

131 1007 252 1095 τριύδει
272 1007 499 1140 κατάφρακτος
519 1011 553 1077 ἐν
574 1011 699 1096 δεσμῷ·
727 1007 772 1096 μη
794 1003 880 1074 οὕτω
902 1006 938 1073 δὲ
959 999 1043 1073 αύτδ
1064 1001 1255 1089 λάβωμεν,5

130 1116 183 1189 ὅτι
205 1123 259 1187 καὶ
283 1118 304 1208 6
324 1113 491 1207 Ἀντιγόνη
511 1112 633 1207 ἀσεβής
653 1105 735 1185 ούσα
753 1111 965 1184 πέπονθεν“
951 1109 1036 1200 ιίπερ
1059 1110 1078 1182 6
1100 1106 1226 1200 άσεβὴς

128 1233 342 1316 Λυκοῦργος·
374 1222 442 1296 ἀλλ’
464 1228 579 1307 άπλῶς
600 1254 641 1318 τη
624 1225 848 1312 ’παραθέσει
870 1228 936 1292 τῶν
959 1220 1084 1310 ὁμοίων
1108 1224 1225 1291 δυστυ-

128 1343 211 1423 χιῶν
229 1343 477 1425 παραμυθεῖται
497 1333 557 1425 τήν
578 1331 711 1425 κόρην.
1229 1339 1237 1354 ’

213 1449 269 1516 Ai.
291 1449 351 1517 261
374 1445 513 1536 μηδενὸς
538 1438 638 1514 άλλου
664 1403 960 1531 παραπράξαντοςέ
982 1435 1066 1526 οἷον,
1086 1437 1226 1571 μηδενδς

128 1553 383 1643 συμπράξαντος
415 1558 468 1624 καὶ
500 1551 719 1640 μετασχόντος
743 1556 808 1619 τῶν
840 1546 1100 1639 ἁμαρτημάτων
1123 1543 1225 1635 ἡγδρ
1240 1556 1274 1608 10

103 1671 107 1678 ’
129 1667 283 1734 κοινωνία
300 1670 367 1734 τῶν
386 1659 625 1756 ἁμαρτημάτων
645 1664 737 1753 φέρει
760 1658 832 1730 τινὰ
852 1660 1076 1745 παραμυθίαν.

593 1906 791 1916 ι-----

215 2134 286 2218 [Ai.
307 2133 370 2199 354
391 2128 430 2198 οἴ
448 2133 481 2216 μ’
508 2127 555 2210 ῶς
577 2129 700 2212 έυικαςι
723 2128 742 2199 6
763 2128 862 2216 χορός
894 2131 982 2200 ἐστιν
1001 2127 1019 2198 6
1041 2130 1157 2217 λέγων·
1187 2123 1227 2196 ού

127 2237 188 2328 γάρ
209 2237 374 2324 λάπρεπὲς
395 2237 456 2327 τήν
481 2239 671 2326 Τέκμησσαν
702 2236 760 2308 τδν
789 2237 885 2327 λόγον
910 2235 1115 2329 ὑφαρπάζειν
1135 2233 1227 2325 λεγύ-

127 2375 229 2435 μενον
249 2347 335 2435 πρὸς
356 2345 414 2415 τδν
434 2344 548 2434 χορύν·
579 2349 613 2416 έν
640 2354 713 2429 ταῖς
734 2346 793 2436 γάρ
822 2341 1034 2479 άμφιβυλίαις
1054 2350 1121 2414 τῶν
1142 2371 1227 2475 πρη-

127 2452 255 2526 σῶπων
274 2459 327 2524 δεῖ
343 2461 403 2524 τού
422 2447 528 2546 ἤθους
549 2453 771 2542 στοχάζεσθαι
792 2483 846 2524 και
838 2455 1064 2525 διαστέλλειν
1082 2451 1122 2522 ἰδ
1141 2450 1228 2541 πρύ-
1241 2467 1274 2520 15

129 2591 256 2635 σωπον.

60 2657 67 2666 ’
215 2675 258 2742 ib.
275 2661 390 2741 485
361 2699 388 2739 ιυ
411 2675 543 2742 δέσποτ’
565 2670 675 2754 Αίαςτ
701 2631 933 2763 Τεκμήσσης
916 2699 934 2741 υ
956 2669 1067 2761 λύγος·
1102 2665 1141 2740 ού
1162 2667 1226 2803 γάρ

129 2786 184 2853 δεῖ
203 2779 262 2849 τάν
287 2779 386 2869 χορδν
414 2778 565 2869 μηκύνειν
592 2781 651 2850 τδν
671 2780 786 2871 λύγον·
812 2780 928 2869 μικτὸς
947 2779 1023 2851 66‘
1006 2807 1024 2849 ο
1046 2776 1159 2868 λύγος·
1187 2780 1226 2846 τδ

128 2891 190 2976 μέν
210 2887 269 2976 γάρ
292 2883 393 2956 αύτού
413 2895 559 2976 γενναῖον
589 2891 645 2978 καὶ
672 2891 862 2976 ἐλευθέριον
882 2887 936 2957 διά
957 2890 1015 2977 τὴν
1042 2889 1227 2976 παρρησίαν

127 3001 187 3084 τῆς
209 2993 349 3087 φύσεως,
373 2993 472 3085 δούλη
493 2997 552 3083 γάρ
575 2994 752 3085 ἐπάναγκες
773 2999 916 3086 γέγονεν·
947 2995 986 3066 τδ
1008 2999 1044 3065 δέ
1065 2992 1226 3083 συναρμύ-
1240 3012 1274 3064 20

129 3109 185 3192 ζον
202 3111 433 3191 τοῖςκαιροῖς.
465 3107 506 3173 δι’
540 3103 618 3173 άλου
648 3107 684 3174 δὲ
713 3103 774 3195 την
796 3107 1028 3198 φιλοστοργίαν
1050 3107 1225 3196 έμφαῖνον·

128 3215 183 3282 καὶ
204 3211 281 3282 ὅταν
302 3211 342 3280 τά
363 3213 481 3304 ἑαυτῆς
501 3213 695 3307 καταβάλλη,
726 3221 879 3300 τεχνικῶς
911 3217 1069 3301 ἐπιχειρεῖ
1094 3217 1228 3301 μαλθα-

220 3453 237 3504 7
255 3451 341 3507 schol.
356 3449 437 3518 EMQ
455 3471 474 3521 γ
489 3453 539 3506 113
564 3453 710 3506 καὶταῦτα
737 3455 776 3511 εἰς
799 3456 981 3522 παραμυθίαν
1002 3451 1050 3504 τοῦ
1074 3454 1226 3504 νεανίσκου.

129 3544 250 3606 πιθανὸς
266 3543 321 3618 γάρ
337 3548 413 3601 ἔστιν
431 3545 446 3602 6
466 3542 620 3619 σύμβουλος
638 3543 706 3603 ὅταν
720 3551 779 3600 ικαὶ
794 3545 892 3603 ἑαυτὸν
916 3540 1071 3620 επιδεικνύη
1089 3543 1123 3600 τά
1141 3541 1226 3618 ὅμοια

129 3637 325 3714 δυστυχήματα
341 3647 473 3712 γενναίως
490 3645 619 3714 φέροντα.

203 3739 236 3791 12
254 3735 368 3801 scholia,
386 3753 457 3805 quae
475 3743 658 3806 personarum
677 3735 905 3790 distributionem
921 3736 1085 3806 respiciunt,
1110 3734 1226 3806 collegii

130 3835 164 3890 G.
182 3833 311 3888 Wolfflus
328 3835 348 3888 l.
367 3834 386 3888 l.
406 3853 433 3904 p.
443 3835 495 3889 261
516 3851 574 3904 sqq.
593 3833 706 3888 exhibui
726 3847 759 3886 αα
777 3835 896 3900 tantum,
918 3849 989 3903 quae
1007 3831 1161 3888 seeundum
1177 3831 1226 3886 ali·

129 3947 213 4001 quam
235 3930 304 3984 ariis
322 3931 460 3985 rationem
477 3947 613 4000 personas
632 3929 843 3997 diuitibuereni,
873 3944 1040 3999 quamquam
1060 3927 1105 3983 vel
1121 3928 1225 3982 haeoa

128 4025 278 4096 proposito
295 4029 392 4080 nostro
409 4024 615 4095 quodammodo
632 4025 722 4096 aliena
739 4029 828 4082 erant,

131 4129 143 4142 ·
205 4121 238 4175 19
257 4127 387 4192 γενναῖον
404 4121 485 4177 RBr.
503 4117 616 4193 γενικύν
634 4121 666 4175 L.

201 4217 238 4270 22
254 4217 292 4272 ib.
311 4218 362 4272 ⁸92
382 4217 443 4270 ἐπεὶ
462 4215 509 4270 διὰ
530 4215 680 4286 <Vmerus
699 4231 750 4286 pro
770 4213 878 4283 ἐπειδὴ)
904 4216 951 4284 τῆς
974 4219 1153 4287 παραμυθίας
1177 4210 1227 4267 οὐκ

128 4305 253 4380 ἠδυνήθη
270 4308 354 4367 αι’πὸν
370 4318 541 4385 μεταθεῖναι,
567 4312 645 4366 δοκεῖ
666 4313 697 4366 ἐκ
713 4305 816 4366 τούτων
832 4307 916 4366 αὐτὸν
932 4315 1109 4383 μεταθεῖναι·
1140 4305 1226 4379 κάμοι
1298 4345 1300 4350 ,

129 4400 180 4464 οὖν
198 4401 282 4478 εὔχου
295 4404 462 4470 ἀποθανεῖν.
570 4450 573 4460 .
