3020 5020
666 369 705 434 tt

131 556 163 624 σ’
185 549 356 624 Ὀδυσσεῦι
391 553 534 622 semaa
562 551 724 644 ἐφύλαξεν
754 553 773 622 ό
807 549 984 644 Εὐριπίδης
1013 551 1053 622 τό
1085 551 1229 641 ἡρωικόν
1244 613 1269 642 V

133 653 230 752 ἦθος.
253 657 297 732 οό
308 661 369 752 γάρ
381 667 581 745 ταπεινῶς
595 657 677 732 ἀλλὰ
687 664 771 750 μετὰ
780 665 964 754 παρρησίας
974 661 1033 752 τήν
1043 663 1230 751 Πολυξένην

132 774 236 862 λέγειν
258 769 452 862 εἰσήνεγκεν.
483 775 540 842 cir.
565 775 666 842 sohel.
688 775 776 844 Med.
798 775 869 843 823.
895 776 984 842 1046.
1019 784 1051 840 et
1074 774 1229 842 defensor

132 883 310 972 Enuipidis,
340 905 436 972 quem
458 883 555 951 modo
580 884 719 952 vidimus
744 884 974 974 Aristophanis
997 882 1228 970 castigationes

129 994 260 1059 fortiter
279 993 542 1082 impugnantem,
564 1015 621 1060 suo
646 1018 736 1062 more
761 995 801 1061 de
824 993 1092 1080 magnanimitate
1117 1013 1228 1082 perso·

130 1123 246 1168 narum
270 1102 351 1170 dieit
372 1102 406 1168 in
428 1103 530 1170 sohel.
552 1103 677 1170 Phoen.
698 1105 760 1170 909
783 1099 899 1186 βούλει
929 1097 1112 1190 παρόντοςε
1147 1099 1226 1177 ἔδει,

129 1211 259 1300 posim,
281 1208 326 1299 μή
349 1203 483 1296 anime*
505 1215 564 1279 τοῦ
578 1211 769 1292 Μενοικέως
789 1211 891 1298 λέγειν
909 1208 950 1277 τὰ
966 1212 1045 1295 περί
1064 1214 1122 1300 τῆς
1142 1232 1228 1300 σφα·

127 1323 190 1408 tis
218 1313 333 1401 αὐτοῦ,
363 1313 431 1390 ἀλλ’
461 1317 575 1405 ῶσπερ
607 1321 661 1388 καί
690 1318 833 1407 ἑτέρωθι
854 1325 946 1388 ποιεῖ
972 1323 1065 1405 <Ιοο.
1082 1343 1112 1390 v.
1128 1317 1229 1405 1503>

126 1429 229 1516 ιδεῦρ’
254 1427 339 1515 ἔλθ’,
364 1432 397 1512 ἐς
418 1420 475 1512 οός
497 1426 572 1501 σοι’.
594 1432 681 1518 λίγοι
701 1432 729 1498 δ’
746 1423 785 1496 th
805 1455 855 1511 τις
877 1427 928 1499 ὅτι
940 1426 1084 1518 γεννικόν
1102 1427 1173 1496 ἐστι
1189 1426 1228 1495 τό

127 1534 315 1624 πρόσωπον
333 1541 387 1630 καί
404 1536 592 1630 φιλόδοξον,
613 1536 660 1619 ῶς
678 1540 732 1605 καί
753 1537 812 1627 τήν
827 1537 936 1628 ψυχήν
954 1533 1227 1625 προέσθαι-ὑπὲρ

127 1646 287 1727 εὐκλείας.
336 1669 418 1734 quae
445 1649 487 1715 de
512 1650 684 1736 Antigona
706 1651 904 1735 Ismenaquo
926 1649 1079 1714 dicuutur
1100 1647 1135 1713 in
1156 1669 1227 1733 arg.

129 1755 193 1825 00
213 1744 296 1845 ήσαν
315 1757 374 1844 γὰρ
396 1761 469 1824 τῶν
487 1749 632 1843 ἀρσένων
656 1758 734 1843 περὶ
753 1757 812 1824 τόν
832 1756 959 1842 πατέρα
979 1749 1227 1845 φιλοστοργότα-

128 1889 184 1950 ραι
206 1866 350 1953 gemella
370 1867 491 1936 habent
508 1868 543 1933 in
568 1867 683 1932 sehell.
708 1865 971 1950 assignatus.
994 1865 1122 1932 Αἰ.82ί)
1144 1865 1227 1948 aliis,

127 1975 171 2041 de
193 1975 310 2060 quibus
334 1984 384 2042 sat
407 1984 457 2040 est
479 1975 656 2058 monuisse,
677 1997 750 2042 oum
771 1976 857 2040 intra
874 1973 1065 2068 oouiupotas
1079 1973 1226 2040 editurus

126 2084 189 2152 sim
212 2084 380 2173 reliquias,
406 2106 488 2171 quae
511 2084 552 2151 ad
575 2105 788 2174 personarum
806 2103 916 2150 mores
931 2083 1129 2170 ingeniaque
1150 2105 1227 2173 spe-

127 2203 228 2260 ctent.
304 2217 307 2224 ’

210 2304 305 2386 Quae
320 2303 362 2368 de
379 2303 586 2370 celebrata
599 2304 633 2368 iu
645 2302 762 2370 fabulis
774 2313 945 2390 poetarum
958 2302 1089 2392 patria
1102 2302 1228 2368 monuit
1247 2341 1268 2372 ι
1360 2311 1369 2332 ‘

129 2415 381 2504 Aristophanes,
391 2437 504 2482 eornm
518 2415 582 2481 dno
594 2426 770 2504 supersunt
781 2416 815 2482 in
826 2416 1030 2502 argumentis
1042 2417 1242 2500 fragmenta·

127 2522 163 2588 in
184 2523 311 2590 xm
327 2521 367 2591 τό
388 2523 425 2591 δὲ
445 2525 553 2609 δρᾶμα
573 2519 733 2612 ἐγκώμιον
754 2516 906 2613 Ἀθηνῶν
927 2533 960 2590 et
980 2525 1014 2590 in
1039 2524 1169 2590 VIIIF
1186 2518 1226 2590 τό

127 2630 166 2699 ὀί
186 2634 293 2718 δρᾶμα
313 2636 381 2699 τῶν
401 2637 619 2722 θαυμαστῶν·
651 2626 747 2702 inat
768 2626 829 2721 ήδη
858 2632 1040 2722 γεγηρακώς
1066 2630 1084 2700 ὁ
1115 2638 1226 2722 Σοφο-
1319 2703 1323 2718 ,

127 2741 209 2827 κλής
238 2740 423 2828 ἐποίησείθ,
448 2738 730 2827 χαριζόμενος
759 2735 798 2810 ον’
828 2738 932 2827 μόνον
957 2746 1005 2833 τῇ
1032 2742 1223 2828 πατρίδι,
1296 2815 1302 2822 ,

125 2839 209 2914 ἀλλὰ
228 2850 282 2915 καί
304 2854 351 2937 τῷ
372 2847 492 2918 ἑαυτοῦ
516 2847 623 2939 δήμῳ·
658 2841 699 2940 ήν
719 2849 779 2939 γὰρ
799 2853 1018 2940 Κολωνῆθεν·
1053 2847 1138 2918 ὥστε
1168 2847 1226 2918 τὸν

125 2957 187 3042 μὲν
217 2960 323 3046 δῆμον
352 2959 517 3046 ἐπίσημον
541 2960 722 3047 ἐπιδεῖξαι,
748 2963 1016 3047 χαρίσασθαι
1042 2959 1078 3028 δὲ
1106 2957 1226 3027 καὶτὰ

125 3067 261 3154 μέγιστα
282 3073 355 3148 τοῖς
374 3062 574 3157 Ἀθηναίοις,
606 3071 647 3137 δι’
678 3057 725 3136 ῶν
756 3063 973 3158 ἀπορθήτους
1001 3066 1141 3138 ἔσεσθαι
1171 3070 1227 3136 καί

123 3167 193 3242 τῶν
212 3175 344 3263 ἐχθρῶν
363 3173 488 3257 neironis
509 3176 683 3267 κρατήσειν
694 3174 895 3245 ὑποτίθεται
914 3174 1116 3262 όΟίδίπους,
1139 3199 1225 3265 προ-

125 3289 310 3373 αναφωνῶν
332 3282 384 3354 ὅτι
403 3284 670 3356 όιαοτασιάσουσι
685 3284 772 3375 πρός
792 3288 955 3376 Θηβαίους
974 3287 1059 3355 ποτί
1080 3288 1134 3354 καί
1148 3283 1225 3354 τοί-

125 3418 194 3460 των
213 3391 429 3491 κρατήσουσιν
451 3397 486 3463 ἐκ
504 3402 658 3485 χρησμῶν
681 3394 735 3465 διὰ
755 3394 813 3466 τόν
832 3393 939 3487 τάφον
959 3396 1076 3464 αὐτοῦ.
1108 3398 1223 3464 harum

124 3504 389 3572 observationum
404 3505 577 3571 admodum
596 3505 719 3572 similes
741 3516 792 3572 sat
801 3507 921 3573 multae
940 3507 972 3570 in
995 3505 1126 3572 scholiis
1148 3527 1223 3571 oum
1268 3511 1270 3516 '

125 3613 263 3679 aliarum
285 3613 468 3689 tabidarum
493 3621 561 3678 hum
585 3615 685 3702 ipsius
699 3614 822 3702 Oedipi
834 3614 974 3683 Colonei
998 3615 1221 3699 inveniuntur,
1256 3636 1261 3648 ¹
1293 3650 1296 3658 ·

125 3743 209 3806 quae
240 3722 304 3788 iam
335 3721 466 3790 dicendi
494 3743 619 3808 genere
642 3744 849 3790 communem
883 3723 1026 3810 produnt
1048 3723 1223 3812 originem,
1301 3717 1308 3733 ”

234 3909 269 3964 47
286 3913 364 3962 Φασί
382 3908 582 3980 scriptione!
600 3908 680 3964 aodd.
699 3908 750 3964 eir.
770 3908 866 3964 scholi.
884 3907 986 3964 Phoen.
998 3911 1051 3962 202
1069 3908 1112 3963 Αἰ.
1123 3910 1184 3964 828.

233 4005 270 4058 48
286 4002 421 4058 Similiter
441 4004 645 4074 Aristophanes
663 4004 698 4058 de
715 4010 841 4075 tempore
851 4004 997 4074 Hippolyti
1007 4004 1176 4074 Euripidsae
1194 4005 1222 4059 in

125 4097 223 4152 XIXF
247 4100 305 4154 ἔστι
327 4099 359 4154 δὲ
378 4085 455 4160 οὗτος
473 4097 488 4156 ὁ
506 4094 664 4161 Ἱππόλυτος
687 4094 810 4171 δεύτερος
835 4105 881 4154 καὶ
905 4106 1055 4173 στεφανίας
1080 4115 1222 4169 προσαγο-

125 4187 281 4266 ρευόμενος.
320 4195 484 4268 ἐμφαίνεται
504 4197 536 4252 δὲ
558 4191 669 4268 ὕστερος
685 4201 887 4270 γεγραμμένος·
914 4193 945 4251 τὸ
964 4193 1018 4268 γὰρ
1035 4190 1159 4265 ἀπρεπὲς
1179 4197 1224 4246 καί

123 4295 285 4361 κατηγορίας
300 4285 376 4352 ίίέιον
393 4293 425 4348 ἓν
442 4287 525 4364 κοίτην
545 4287 699 4365 tenpestas
715 4296 754 4365 τῶ
772 4287 899 4367 δράματι.
939 4290 970 4347 τὸ
994 4291 1025 4346 δὲ
1049 4290 1143 4362 δρᾶμα
1167 4289 1222 4345 τῶν

124 4403 248 4454 πρῶτων.
