3020 5020
661 335 718 402 se

152 523 412 590 Aristarchi
430 527 525 591 nimis
538 524 680 590 sobriam
696 547 865 592 censuram
882 529 1093 614 castigantem
1113 528 1247 592 sabado-

149 637 232 715 rari,
267 639 324 726 qai
352 634 427 698 licet
452 632 661 698 Homericam
688 633 844 723 loquendi
869 659 962 700 asam
990 639 1109 722 optime
1130 651 1248 721 nosset,

151 755 257 808 tamea
277 767 379 833 aeque
400 746 436 807 irs
449 742 547 807 sebas
563 742 711 829 mytlsicis
732 757 761 806 ct
775 744 1006 832 peopraplsicis
1022 769 1249 836 usquequaque

148 854 231 917 satis
253 875 288 916 se
307 864 469 916 versatam
491 849 671 937 praeberet,
705 851 792 940 qaod
821 854 918 915 etiam
946 851 987 919 Ε.
1008 853 1047 916 R.
1062 853 1185 943 Laapii
1206 856 1245 920 de

149 961 350 1027 Aristarcho
365 959 441 1048 fait
465 961 633 1050 indiciam,
665 984 768 1050 nepae
794 961 839 1043 id,
874 963 961 1054 qaod
986 966 1162 1028 maaimam
1186 980 1242 1050 est,

145 1087 320 1160 poetaram
351 1075 528 1160 elegantem
560 1085 589 1136 et
613 1074 853 1158 magnanimem.
883 1074 1146 1138 existimatorem.
1194 1074 1245 1138 his

148 1181 232 1248 nihil
253 1183 357 1248 habeo
380 1181 469 1267 quod
495 1181 622 1247 addam.
646 1179 891 1246 meminerimus
909 1189 1034 1245 tantum
1055 1181 1165 1265 velim,
1186 1182 1244 1248 has

149 1312 283 1378 quoque
297 1291 542 1356 observationes
562 1289 725 1356 communi
741 1289 886 1356 eiusdem
904 1288 1096 1380 disciplinae
1113 1291 1244 1356 vinculo

150 1398 315 1465 cumillis
338 1389 570 1488 Aristophanis
592 1399 779 1464 coniunctas
801 1419 882 1481 esse,
914 1399 1030 1484 quibus
1062 1397 1247 1464 dissensum

148 1517 279 1574 notaret
298 1508 384 1572 inter
408 1508 567 1573 variarum
591 1509 773 1574 fabularum
795 1506 1020 1572 oeconomiam
1042 1507 1254 1574 intercedem

148 1625 226 1681 tem.
272 1638 382 1700 quare,
407 1616 554 1703 quamvis
582 1617 631 1681 his
658 1617 739 1683 locis
770 1615 922 1684 Electrae
953 1617 1047 1701 signa
1079 1616 1243 1682 defuerint

149 1723 392 1811 Aristophanis,
417 1734 527 1802 tamen
548 1725 719 1810 ingenium
742 1725 811 1789 eius
833 1725 900 1790 no'n
923 1724 1155 1790 desideramus.

252 1834 322 1900 Iam
344 1835 370 1898 si
393 1834 531 1919 Didymi
549 1856 682 1922 operam
704 1834 738 1900 in
760 1833 967 1921 explananda
989 1844 1159 1922 poetarum
1181 1846 1244 1900 tra·

148 1943 298 2032 gicorum
318 1951 387 2007 arte
404 1943 608 2024 collocatam,
628 1943 739 2009 accitis
750 1942 789 2007 iis
806 1963 937 2028 quoqpe
954 1943 1245 2028 observationibus,

153 2073 292 2138 quarum
308 2051 449 2117 auctoris
462 2050 593 2117 nomine
607 2050 786 2117 carentium
799 2050 977 2137 specimina
997 2051 1033 2116 in
1055 2052 1140 2116 hauc
1162 2073 1246 2117 com·
1282 2137 1287 2146 ι

149 2159 383 2226 mentationem
406 2183 473 2227 non
493 2160 690 2248 recepimus,
712 2181 776 2224 uno
792 2159 960 2225 oculorum
978 2162 1093 2226 obtutu
1114 2181 1246 2248 percur-

151 2269 265 2353 rimus,
296 2278 345 2333 sat
373 2269 515 2356 amplam
544 2269 701 2334 habemus
724 2268 808 2334 hanc
830 2270 900 2334 fere
921 2268 1118 2353 imaginem:
1152 2268 1244 2334 ducis

150 2385 185 2444 et
205 2377 353 2465 magistri
365 2369 597 2466 Aristophanis
612 2376 751 2463 vestigia
773 2399 926 2465 premens
943 2375 1109 2462 Didymus
1132 2393 1244 2442 omnes

149 2489 222 2552 fere
246 2485 488 2552 commentariis
511 2486 579 2552 suis
602 2485 793 2572 complexus
808 2494 856 2550 est
871 2486 1087 2574 quaestiones,
1108 2486 1148 2551 ad
1166 2509 1244 2571 quas

149 2595 334 2662 tractandas
356 2605 506 2661 accurata
526 2595 604 2660 artis
625 2595 769 2678 tragicae
789 2594 1000 2682 investigatio
1017 2618 1127 2660 ausam
1141 2596 1240 2662 dedit.

150 2703 193 2771 do
212 2703 356 2770 externis
379 2702 531 2770 subsidiis
554 2703 682 2794 fabulae
701 2701 821 2767 actioni
848 2704 1041 2770 necessariis
1062 2727 1243 2792 eorumque

148 2837 223 2896 usu,
246 2813 288 2878 de
302 2813 432 2900 prologi
452 2812 738 2898 narrationumque
752 2811 939 2877 nuntiorum
952 2823 1078 2897 natura,
1095 2815 1136 2879 de
1157 2837 1244 2881 scae-

147 2944 266 2987 narum
287 2921 488 3004 oeconomia,
510 2918 551 2985 de
573 2919 666 2984 chori
687 2920 837 3008 personis
859 2941 1035 3005 earumque
1057 2921 1180 3006 indole,
1203 2922 1245 2989 de

147 3053 363 3122 personarum
377 3029 528 3095 dramatis
540 3029 683 3095 moribus
698 3028 907 3114 ingeniisque
922 3051 1097 3118 earumque
1108 3031 1143 3098 in
1157 3055 1243 3099 scae·

147 3164 224 3207 nam
247 3139 382 3206 introitu
405 3140 458 3204 vel
482 3139 685 3219 decessione,
708 3137 749 3202 de
772 3160 961 3204 scaenarum
981 3139 1187 3227 singularum·
1206 3143 1241 3206 in

146 3250 312 3317 auditores
340 3249 373 3314 vi
405 3259 436 3313 et
464 3247 596 3331 effectu,
628 3248 669 3313 de
700 3271 861 3315 consensu
894 3249 1035 3338 denique
1058 3249 1243 3318 fabularum

147 3361 202 3425 vel
220 3359 373 3424 dissensu
396 3381 470 3423 cum
493 3361 636 3424 omnium
660 3357 905 3442 tragoediarum
927 3360 1018 3425 fonte
1042 3359 1245 3425 Homero—

147 3469 189 3535 de
212 3469 263 3534 his
285 3467 436 3534 omnibus
457 3467 616 3553 quaesivit
639 3477 671 3532 et
685 3467 1049 3556 disputavitDidymus·
1075 3478 1107 3534 et
1120 3467 1244 3556 ubique

147 3600 299 3645 severum
320 3578 505 3665 iustumque
520 3576 669 3643 videmus
688 3576 841 3659 iudicem,
866 3579 933 3662 qui,
956 3578 1174 3666 quodfalsum
1188 3580 1242 3644 vel

147 3689 300 3754 vitiosum
313 3688 440 3771 habeat,
464 3695 556 3753 notet
579 3697 611 3751 et
633 3687 806 3773 vituperet,
828 3686 914 3774 quod
927 3688 1096 3775 praeclare
1118 3687 1241 3753 dictum

148 3807 180 3864 et
203 3798 384 3880 inventum,
405 3797 516 3862 laudet
539 3807 572 3862 et
595 3796 764 3884 praedicet
786 3797 936 3862 refutatis
961 3795 1168 3884 repulsisque
1192 3796 1243 3882 iis,

148 3903 204 3991 qui
224 3904 455 3990 intempestive
481 3902 626 3969 cavillari
652 3902 843 3969 viderentur
865 3913 989 3992 poetas.

597 4187 795 4200 ..αα-,ὴ
