3020 5020
648 399 687 466 53

115 587 272 672 sequitur
309 585 510 652 Fritzscbius
557 585 589 650 in
624 585 737 652 libello
781 601 920 676 quatuor
957 589 1041 676 lepos
1075 593 1220 654 scenicae

122 698 244 765 Graec.
263 720 397 784 poeseos
421 696 461 761 ab
486 693 629 761 Horatio
651 699 685 760 a'a
708 696 783 761 ΑΡ.
808 697 905 780 latae,
935 707 1009 764 ante
1039 699 1091 765 dai
1121 703 1221 765 ταῦτα

115 811 332 891 θεωρεῖσθαι
362 799 401 872 οὔ
427 806 618 894 particulam
643 805 836 890 inserentes,
871 829 944 872 cum
976 809 1047 896 capi
1079 821 1220 898 nequeat

117 939 183 982 cur
206 937 272 980 non
297 913 436 979 debeant
468 914 623 1002 conspici,
659 937 740 1002 quae
775 915 861 982 intus
894 926 1041 1002 agantur.
1092 918 1155 982 iam
1192 917 1219 983 si

116 1047 253 1091 cursum
286 1033 374 1089 retro
406 1025 566 1090 flectimus
599 1023 640 1090 ad
666 1025 808 1113 primum
840 1027 999 1111 scholion,
1028 1029 1082 1093 ubi
1105 1051 1265 1112 περισψ

115 1136 190 1212 σῶς
212 1131 373 1198 adiectum
397 1132 566 1198 dicebatur
577 1130 613 1198 nd
631 1132 855 1218 ἐκκομίζουσα,
870 1145 949 1223 puto
963 1135 1218 1224 Aristophanem

115 1229 256 1332 praeter
277 1264 414 1330 pravum
437 1241 567 1306 omnino
593 1243 820 1328 eecyclematis
842 1267 937 1308 usum
960 1245 993 1311 id
1016 1245 1113 1310 etiam
1137 1246 1218 1310 vitu·

116 1372 266 1440 parasse,
290 1351 377 1436 quod
400 1351 520 1416 chorus
542 1352 667 1437 pariter
687 1361 784 1437 atque
807 1353 839 1416 in
854 1352 1025 1418 Alcestide
1049 1353 1218 1436 indicaret,

118 1459 220 1524 educi
242 1481 283 1524 ex
309 1457 444 1525 aedibus
465 1457 656 1524 Phaedram.
703 1483 777 1524 nam
807 1484 880 1526 cum
909 1461 1011 1528 semel
1033 1463 1219 1549 eccyoldm'a

116 1568 343 1651 adhiberetur,
367 1568 401 1632 id
423 1567 559 1638 indicari
583 1569 804 1634 necessarium
827 1593 905 1634 sane
928 1593 993 1636 non
1018 1582 1097 1636 erat.

222 1821 347 1907 Quodsi
373 1821 598 1888 demonstrare
621 1823 790 1908 hueusque
815 1822 934 1907 studui,
960 1823 1216 1912 Aristophanem

119 1932 319 2018 Byzantium
340 1942 508 1998 auctorem
531 1954 602 1998 esse
628 1955 740 1998 earum
765 1932 1037 2016 observationum,
1069 1955 1153 2020 quae
1175 1935 1216 2000 ad

118 2051 225 2108 artem
246 2050 416 2128 poetarum
441 2039 665 2106 illustrandam
683 2040 885 2126 pertinentes
900 2041 934 2105 in
949 2041 1082 2110 scholiis
1095 2043 1217 2112 nostris

121 2152 291 2234 leguntur,
312 2148 374 2215 boo
397 2149 525 2214 nonita
545 2149 695 2233 intellegi
716 2149 828 2233 velim,
852 2151 941 2234 quasi
964 2149 1034 2240 ipsa
1052 2174 1214 2236 gramma·

119 2258 177 2327 tici
201 2257 408 2324 celeberrimi
431 2258 531 2324 verba
553 2258 586 2323 in
608 2257 740 2324 scholiis
767 2268 880 2324 extent
911 2269 965 2323 aut
996 2260 1117 2348 ubique
1146 2261 1215 2326 eius

102 2389 103 2392 ’
121 2381 220 2440 notae
245 2369 366 2434 fuerint
380 2368 540 2458 appictae,
562 2369 620 2434 scd
639 2368 672 2433 id
686 2378 813 2434 tantum
826 2370 999 2453 contendo,
1022 2371 1216 2460 Aristopha-

117 2504 197 2548 nem
225 2479 366 2568 primnm
387 2477 497 2562 fuisse,
521 2477 575 2563 qui
599 2478 640 2543 ad
662 2478 887 2544 illustrandam
910 2489 1013 2544 artem
1031 2479 1066 2544 in
1090 2481 1217 2546 fabula-

117 2614 191 2656 rum
216 2586 452 2676 compositione
479 2587 685 2674 conspicuam
709 2588 851 2654 animum
875 2587 1062 2655 adverteret
1094 2600 1126 2654 et
1151 2591 1216 2655 suis

116 2697 248 2766 iudiciis
270 2697 615 2783 observationibusque
644 2720 791 2764 normam
822 2699 1005 2786 praeberet,
1037 2721 1133 2784 quam
1165 2721 1214 2767 se·

117 2808 243 2898 quioris
266 2807 337 2872 aevi
360 2807 578 2894 grammatici,
603 2823 740 2894 quorum
756 2831 856 2874 unum
872 2829 949 2872 mox
966 2829 1215 2893 cognoscemus,

118 2929 345 3004 sequerentur.
368 2919 455 3004 quod
480 2926 516 2982 ut
538 2916 797 2982 demonstrarem
819 2917 845 2983 si
869 2916 947 2982 mihi
972 2915 1121 3004 contigit,
1149 2938 1214 2980 non

117 3048 238 3092 novam
260 3047 330 3092 rem
354 3026 464 3092 detexi
477 3046 549 3090 mea
563 3025 853 3092 demonstratione.
876 3048 951 3091 nam
964 3026 1130 3112 cognitam
1144 3048 1214 3091 eam

119 3135 234 3201 habuit
268 3145 301 3200 et
325 3135 390 3199 iam
417 3133 542 3223 pridem
569 3132 672 3197 edixit
707 3131 887 3198 Carolus
919 3132 1216 3200 Lachmannus

118 3245 153 3310 in
177 3245 262 3312 Mus.
281 3245 385 3312 Rben.
408 3243 502 3310 roll
523 3242 628 3330 pell
664 3242 725 3306 dea
749 3241 862 3307 beroeis
886 3241 1065 3331 (Oedipum
1089 3242 1216 3309 scilicet

63 3373 68 3382 ·
118 3377 186 3419 non
209 3376 266 3418 sua
290 3353 387 3441 culpa
409 3353 467 3420 sed
484 3353 622 3418 deorum
640 3353 807 3417 voluntate
823 3353 977 3416 miserum
991 3353 1112 3418 lactum
1129 3353 1215 3435 esse)

110 3461 216 3546 findet
239 3464 291 3524 ein
313 3461 463 3546 nasleper
485 3462 518 3524 ia
542 3460 603 3523 den
624 3459 768 3524 scholica
790 3483 829 3524 zu
849 3483 877 3523 o.
892 3460 958 3524 960
981 3458 1215 3544 ttberzeupend,

118 3606 160 3618 -
184 3567 724 3653 cermatltla'chra'stophancs
746 3565 1010 3654 oonByzcaa,
1032 3590 1109 3632 noa
1132 3569 1216 3632 dem

118 3681 312 3744 'maistans
344 3680 410 3743 olis
446 3677 750 3764 aamerdanpea
780 3676 884 3740 tiber
912 3677 975 3741 dic
996 3676 1121 3742 banael
1146 3677 1214 3742 oles

119 3789 310 3854 dicbtars
342 3788 588 3852 decretionem.
634 3810 669 3851 so
691 3787 775 3851 steht
797 3789 867 3850 seia
889 3810 981 3850 name
1005 3785 1058 3850 ba·
1077 3783 1215 3874 Hippot.

119 3900 183 3965 170
213 3899 282 3962 aad
313 3900 384 3961 ciac
409 3920 495 3983 qauz
524 3896 648 3984 pleicle
679 3896 875 3984 bamerlcaap
907 3896 959 3959 bei
985 3896 1109 3960 Alocat.
1141 3896 1214 3964 238.

118 4007 211 4072 cuius
234 4006 439 4072 coniecturae
464 4029 538 4070 cum
563 4004 708 4070 sublesta
729 4006 904 4071 haberetur
927 4004 1010 4070 fides
1029 4003 1213 4070 aNauokio

117 4119 138 4182 l.
152 4115 173 4180 l.
186 4139 217 4204 p.
229 4115 270 4184 68
294 4125 326 4180 ct
342 4114 595 4184 Schneidewino
619 4115 639 4180 l.
656 4115 674 4179 l.
696 4138 729 4204 p.
741 4115 771 4198 4,
795 4136 857 4200 ego
881 4114 1093 4198 accuratiore,
1117 4136 1216 4199 quam,
1279 4097 1281 4103 ’

115 4223 223 4290 adbuc
248 4227 369 4291 iaotuln
390 4235 449 4306 est,
470 4226 741 4292 commentatione
763 4226 1022 4313 certioribusque
1037 4247 1211 4312 argumen-

116 4332 156 4400 tis
179 4354 250 4399 eam
273 4333 417 4400 stabilire
440 4343 473 4398 et
494 4334 623 4400 firmare
647 4343 781 4401 conatus
803 4357 884 4400 sum.
