3020 5020
702 389 737 453 ll

170 572 235 652 κῶς
258 573 460 665 δΣοφοκλής
475 575 622 664 ἐποίησε,
643 573 855 663 χαριζόμενος
875 569 917 644 οδ
938 574 1041 661 μόνον
1062 579 1102 667 τῇ
1123 575 1304 661 πατρίδι,·

169 675 254 750 άλλοί
266 685 379 772 καὶτῷ
395 682 515 752 ἑαυτοῦ
525 682 630 775 δήμῳ·
654 675 709 773 [ήν
722 683 784 773 γάρ
795 689 1022 775 Κολωνῆθεν]
1040 682 1124 754 ῶοτε
1140 681 1199 752 τδν
1209 683 1269 770 μὲν

169 793 272 878 δῆμον
301 793 463 880 ἐπίσημον
490 795 659 878 ἐπιδεῖξαι,
694 779 893 886 χαρίσασθαι
923 796 959 863 δέ
985 790 1106 862 καὶτὰ
1134 793 1268 878 μέγιστα

168 907 240 983 τοῖς
260 902 458 992 Ἀθηναίοις,
481 907 521 974 δι’
545 893 592 974 ῶν
611 901 819 995 εἰπορθήτως
837 904 976 975 ἔσεσθαι
988 905 1042 972 καὶ
1056 909 1123 971 τῶν
1138 904 1269 987 ἐχθρῶν

169 1003 295 1092 αιίτοδς
317 1011 489 1103 κρατήσειν
502 1011 733 1102 δποτίθεταιδ
749 1015 920 1102 Οἰδίπους,
942 1016 1193 1103 προαναφωνῶν
1215 1007 1282 1098 δτι

169 1118 437 1191 διαστασιάσουσι
457 1121 544 1208 πρδς
558 1125 721 1212 Θηβαίους
740 1124 824 1192 ποτέ
837 1127 892 1192 καί
908 1121 1037 1192 τούτων
1054 1117 1269 1210 κρατήσουσιν

170 1230 205 1298 ἐκ
227 1235 380 1318 χρησμῶν
404 1229 458 1299 διά
477 1233 536 1299 τδν
556 1230 665 1323 τάφον
687 1227 805 1302 αδτοῦ.

272 1339 301 1407 O
335 1337 355 1428 ή
377 1339 477 1430 σκηνή
498 1345 562 1409 τοῦ
583 1338 750 1427 δράματος
772 1338 947 1410 ὑπόκειται
967 1342 1001 1408 ἐν
1021 1346 1061 1431 τῇ
1083 1333 1213 1429 Ἀττικῇ
1235 1338 1269 1406 ἐν

169 1453 217 1536 τῷ
240 1433 349 1538 ἰππίῳ
375 1452 523 1539 Κολωνῷ
548 1449 633 1537 πρὸς
652 1456 699 1540 τῷ
720 1457 787 1539 ναῷ
809 1455 876 1517 τῶν
897 1453 1033 1534 σεμνῶν.
1075 1445 1092 1516 ὁ
1115 1447 1152 1516 δέ
1171 1443 1269 1533 χορδς

169 1557 361 1646 συνέστηκεν
383 1559 420 1642 ἐξ
435 1552 615 1646 Ἀθηναίων
636 1553 774 1644 άνδρῶν.
804 1559 992 1647 προλογίζει
1015 1555 1183 1636 Οἰδίπους.

272 1669 390 1734 desunt
413 1667 554 1736 BDEG.

269 1777 331 1844 His
354 1777 568 1865 argumentis,
589 1799 672 1863 quae
696 1779 905 1864 antiquorum
927 1775 1115 1844 testimonio
1136 1784 1172 1840 ut
1191 1775 1268 1842 Ari-

170 1887 353 1975 stophaneo
372 1895 516 1970 tuentur,
542 1887 738 1971 subiungam
760 1909 808 1971 oa,
839 1909 922 1974 quae
952 1884 1097 1952 eiusdem
1126 1883 1267 1950 auotoris

172 2016 243 2060 εεεε
265 2004 331 2060 tam
352 2014 413 2084 pro
438 2005 527 2060 corto
551 2005 584 2060 et
605 1997 775 2084 explorato
801 1991 875 2084 pos't
889 1995 1132 2062 Kirohhoffiom
1153 1991 1268 2059 habuit

170 2103 373 2187 Dindorfius,
406 2113 442 2169 ut
470 2087 504 2168 in'
536 2103 679 2171 editione
710 2127 766 2170 sua
791 2105 990 2170 scholiorum
1013 2102 1266 2192 Euripidoorum

173 2212 405 2300 Aristophanis
424 2234 546 2278 nomen
568 2213 607 2278 iis
628 2213 838 2302 praefigeret.

348 2345 399 2412 IX
421 2335 653 2434 orguinontum
677 2347 855 2413 Alcestidis
879 2345 1087 2436 Euripidoao.

429 2473 705 2572 (Ἀριστοφάνους
724 2485 950 2569 γραμματικοῦ
963 2484 1011 2562 1⁹.)

272 2615 304 2680 A
339 2604 516 2701 ’Ἄλκηστις
545 2609 565 2701 ἡ
599 2615 724 2682 Πελίου
750 2611 911 2703 θυγάτηρ,
941 2611 1149 2700 ὑπομείνασα
1178 2610 1265 2698 ὑπὲρ

170 2723 234 2788 τοῦ
254 2718 340 2790 ἰδίου
362 2713 479 2806 άνδρδς
498 2723 698 2811 τελευτῆσαι,
725 2717 923 2810 Ἡρακλέους
950 2719 1212 2810 ἐπιδημήσαντος
1235 2722 1268 2788 ἐν

170 2833 210 2921 τῇ
233 2832 394 2920 Θετταλίᾳ
421 2826 615 2917 διασώζεται
642 2835 840 2919 βιασαμένου
868 2835 945 2915 τούς
971 2835 1129 2918 χθονίους
1158 2829 1267 2912 θεοδς

170 2940 225 3006 καὶ
246 2940 453 3029 υἰφελομένου
476 2940 535 3030 τήν
556 2947 700 3028 γυναῖκα.

272 3048 304 3114 Β
345 3053 422 3137 παρ’
447 3043 609 3138 οὐδετέρῳ
630 3055 735 3118 κεῖται
754 3048 774 3140 ή
794 3052 993 3136 μυθοποιία.

269 3157 302 3224 Ε
343 3158 382 3224 τδ
404 3161 512 3246 δρᾶμα
533 3154 679 3247 ἐποιήθη
699 3155 751 3244 ιζ.

270 3266 303 3332 D
346 3263 503 3356 ἐδιδάχθη
533 3268 591 3336 ἐπὶ
610 3269 787 3337 Ιλαυκίνου
807 3259 963 3356 άρχοντος
983 3261 1192 3354 ὀλυμπιάδος
1211 3264 1264 3335 με’

172 3371 240 3444 ἔτει
270 3376 420 3464 δευτέρῳ.
459 3381 593 3464 πρῶτος
626 3366 676 3466 ήν,
692 3379 877 3467 Σοφοκλῆς,
904 3373 1056 3465 δεύτερος
1086 3370 1267 3465 Εὐριπίδης

170 3479 339 3572 Κρήσσαις
370 3478 566 3570 Ἀλκμαίωνι
606 3491 653 3575 τῷ
683 3483 737 3554 διά
773 3487 941 3577 Ψωφῖδος,
976 3487 1113 3576 Τηλέφῳ
1143 3481 1268 3575 Ἀλκή-

170 3593 255 3660 στιδι
278 3622 298 3660 ιι
319 3622 339 3662 ιι
361 3623 381 3663 ιι
501 3619 503 3624 ’
625 3635 628 3640 -

273 3703 304 3769 F
345 3701 384 3772 τδ
418 3704 454 3772 δέ
476 3706 584 3791 δρᾶμα
604 3707 836 3791 κωμικωτέραν
859 3703 926 3788 ἔχει
947 3703 1006 3793 τήν
1026 3700 1267 3796 καταστροφήν.

273 3811 301 3878 O
349 3809 368 3902 ή
401 3809 500 3901 σκηνή
523 3818 583 3882 τοῦ
602 3810 767 3899 δράματος
787 3808 961 3882 ὑπόκειται
993 3815 1026 3882 ἐν
1056 3819 1179 3901 Φεραῖς
1207 3817 1268 3904 μιᾷ

170 3919 267 3990 πόλει
285 3925 343 4010 τής
366 3923 552 4002 Θετταλίας.
589 3922 761 4011 συνέστηκε
785 3921 821 3990 δὲ
841 3921 859 3990 δ
880 3923 978 4008 χορδς
1000 3921 1036 3992 ἐκ
1056 3948 1154 3990 τινων
1184 3947 1267 4010 πρε-

170 4035 297 4114 σβυτῶν
318 4029 489 4114 ἐντοπίων,
513 4029 550 4101 οἳ
568 4033 622 4100 καί
644 4033 875 4120 παραγίνονται
896 4029 1175 4124 συμπαθήσοντες
1195 4037 1268 4112 ταῖς

169 4131 392 4226 Ἀλκήστιδος
413 4146 609 4230 συμφοραῖς.
632 4141 820 4228 προλογίζει
841 4139 859 4211 ὁ
882 4134 1072 4210 Ἀπόλλων.

270 4391 303 4446 19
322 4389 399 4460 Quae
417 4391 459 4448 hio
478 4392 557 4448 unoio
574 4391 674 4449 inoluoi
692 4392 721 4463 ()
739 4392 840 4448 δεεσσε
858 4394 889 4448 in
905 4392 985 4448 libris
1003 4392 1210 4465 manuscriptio.
