3020 5020
820 331 979 431 αι’

291 553 366 620 dem
389 575 425 618 re
452 553 623 618 observata
641 552 861 638 inveniuntur,
881 554 964 620 haee
982 577 1112 641 quoque
1135 559 1205 622 sine
1228 557 1329 624 dubio
1348 559 1389 622 ah

291 661 516 748 Aristophane
546 661 758 746 grammatico
781 662 929 747 oriunda,
959 663 1060 728 veluti
1090 665 1124 730 in
1148 687 1219 748 arg.
1242 665 1389 732 Acheru.

287 772 306 836 Ι
330 793 360 857 p.
376 773 402 853 l,
417 770 453 834 41
481 769 530 836 ed.
562 768 676 834 Didot.
699 763 737 835 τά
758 767 793 836 δέ
816 770 923 858 δρᾶμα
951 775 1018 836 τῶν
1038 759 1074 838 εὖ
1094 769 1224 862 σφόδρα
1245 797 1390 860 πεποιη-

287 877 405 964 μένων,
438 878 472 944 iu
505 901 575 964 arg.
598 878 752 964 Equital
778 903 811 968 p.
825 881 877 961 32,
897 880 939 944 36
966 875 1005 946 τδ
1035 881 1071 947 δὲ
1098 882 1204 966 δρᾶμα
1225 886 1291 948 τῶν
1310 873 1390 970 άγαν

292 989 400 1067 καλῶς
430 986 673 1074 πεποιημένων,
706 988 741 1052 in
774 1011 843 1074 arg.
878 990 987 1058 Nubb.
1004 989 1054 1056 Ill
1089 1015 1120 1079 p.
1138 991 1188 1075 77,
1213 993 1252 1056 18
1284 989 1323 1058 τά
1351 991 1390 1059 δέ

289 1100 397 1184 δράμα
412 1101 479 1163 τῶν
490 1093 578 1164 πάνυ
590 1098 735 1176 δυνατῶς
752 1098 994 1184 πεποιημένων,
1007 1123 1087 1184 quae
1100 1087 1134 1166 in
1148 1102 1256 1189 amplo
1274 1123 1389 1168 reeen-

288 1207 381 1274 tioris
403 1206 602 1294 grammatici
630 1225 700 1290 arg.
714 1206 747 1272 X
769 1229 801 1294 p.
818 1207 901 1290 79‚2
917 1216 1121 1294 repetuntur,
1143 1209 1174 1274 in
1188 1230 1258 1294 arg.
1270 1211 1388 1278 Aval

288 1340 320 1405 p.
339 1316 411 1399 209,
435 1318 452 1379 7
475 1311 514 1381 τά
537 1315 644 1400 δρᾶμα
665 1317 765 1382 τοῦτο
792 1318 859 1380 τῶν
879 1307 958 1402 άγαν
980 1317 1124 1396 δυνατῶς
1145 1317 1386 1405 πεποιημένων,

288 1427 322 1492 in
351 1449 422 1512 arg.
445 1424 579 1492 Raunl
603 1449 634 1514 p.
646 1423 719 1509 273,
742 1426 783 1490 39
812 1420 851 1492 τὸ
882 1424 918 1492 δὲ
947 1427 1054 1511 δρᾶμα
1083 1429 1149 1492 τῶν
1169 1414 1207 1494 εὖ
1226 1423 1313 1494 πάνυ
1334 1428 1387 1495 καί

287 1530 472 1623 φιλοίάγιος
492 1533 736 1620 πεποιημένων.

387 1644 499 1729 Atque
521 1643 576 1708 hio
599 1643 692 1709 loeus
716 1643 940 1710 videturesse
963 1645 1141 1712 exhibendi
1164 1656 1278 1712 notum
1301 1646 1386 1712 iilud

292 1753 461 1841 Oeypodis
483 1751 639 1818 Luoianei
672 1762 914 1837 argumentum,
943 1753 1030 1839 quod
1052 1753 1093 1818 ad
1118 1755 1389 1822 celebratissimae

290 1861 523 1949 Aristophanis
541 1862 743 1950 hypotheses
773 1883 833 1950 per
853 1862 961 1928 ioeum
993 1885 1065 1930 esse
1087 1864 1298 1932 assimilatum
1322 1889 1389 1934 non

292 1993 375 2036 vana
399 1981 449 2036 est
469 1970 714 2040 Schneidewini
737 1971 936 2039 coniectura.

387 2081 420 2144 A
462 2070 619 2157 Ὠκάπους
641 2079 860 2164 Ποδαλειρίου
888 2081 941 2146 καί
974 2072 1146 2162 Ἀστασίας
1168 2077 1240 2163 υίὸς
1260 2082 1386 2170 ἐγένετο

289 2185 398 2256 κάλλει
420 2189 475 2255 καὶ
495 2183 629 2272 δυνάμει
650 2187 824 2276 διαφέρων,
854 2190 1037 2275 γυμνασίων
1057 2215 1093 2258 τε
1115 2192 1169 2258 καί
1190 2193 1388 2280 κυνηγεσίων

289 2295 335 2386 μὴ
357 2291 497 2384 άμελῶν,
519 2292 678 2377 πολλάκις
709 2297 744 2364 δὲ
768 2303 911 2385 θεωρῶν
935 2299 1013 2379 τούς
1042 2300 1213 2386 ἐχομένους
1242 2298 1309 2368 irari
1329 2307 1388 2391 τῆς

293 2403 447 2494 δτέγντου
471 2404 644 2494 Πυδάγρας
665 2407 818 2494 κατεγέλα
839 2403 983 2497 φάσκων,
1012 2409 1113 2496 μηδὲν
1139 2406 1225 2490 ὅλως
1246 2405 1328 2478 εἶναι
1349 2407 1389 2478 τά

292 2514 416 2598 πάθος.
460 2514 480 2606 ἡ
504 2513 588 2598 θεὸς
609 2517 719 2584 τοίνυν
739 2509 909 2604 άγανωιτεῖ
929 2517 984 2585 καί
1003 2517 1057 2586 διά
1077 2521 1192 2586 ποδῶν
1222 2518 1388 2606 εἰστρέχει.

289 2629 392 2694 τοῦδ
409 2620 550 2706 εδτάνως
563 2626 723 2715 φέροντος
742 2617 1005 2711 καίάρνουμένου
1028 2624 1146 2696 διετίαν
1160 2625 1246 2708 ὅλως
1256 2629 1390 2718 τίθησιν

291 2729 422 2824 ἡθεάς.

393 2842 421 2909 0
462 2839 566 2930 ἦμὲη
598 2838 698 2930 σκηνη
718 2845 778 2908 τοῦ
807 2838 971 2928 δράματος
1000 2839 1172 2912 ὑπόκειται
1192 2845 1225 2913 δν
1247 2842 1386 2932 Θήβαις·

292 2949 310 3018 ά
343 2951 379 3020 δέ
409 2951 506 3038 χορὸς
533 2950 724 3038 συνέστηκεν
755 2949 792 3034 ἐξ
822 2950 1007 3037 ἐπιχωρίων
1039 2954 1214 3040 ποδαγρῶν
1240 2955 1388 3041 σινείεγ-

290 3056 415 3145 χάντων
435 3057 494 3128 τδν
521 3057 680 3128 Ὼκάπουν
695 3064 731 3127 ³⁷.

271 3187 289 3230 ι
395 3170 425 3235 F
463 3166 502 3236 τά
522 3170 559 3238 δὲ
582 3171 690 3256 δρᾶμα
711 3174 778 3235 τῶν
799 3165 886 3236 πάνυ
910 3161 1058 3238 άστείων.

394 3279 422 3345 0
469 3275 511 3346 τά
540 3283 601 3346 τοῦ
635 3274 799 3364 δράματος
829 3273 1005 3363 πρόσωπα.
1041 3275 1197 3368 Ποδάγρα
1230 3274 1388 3364 Ὠκάπους

296 3383 445 3478 Teumesia
465 3379 585 3475 Ἰατρὸς
606 3384 717 3467 Πόνος
736 3377 879 3474 άγγελος.
915 3389 1101 3476 προλυγίζει
1124 3389 1161 3458 δὲ
1182 3386 1202 3477 ἤ
1224 3387 1388 3480 Ποδάγρα.

392 3497 484 3579 Quae
508 3497 585 3563 licet
608 3519 674 3563 nou
697 3519 810 3564 omnes
831 3509 1099 3582 argumentorum
1126 3501 1388 3588 Aristophaneo-

291 3629 362 3672 νοω
386 3615 495 3693 partas
510 3607 779 3693 complectantur,
800 3627 875 3670 nam
890 3605 1008 3672 desunt
1021 3607 1220 3675 didascalica
1241 3609 1384 3698 capitula

293 3715 424 3796 σοίτάο,
444 3737 523 3780 num
554 3715 638 3780 alter
661 3723 758 3803 poeta
778 3713 916 3782 eandem
943 3715 1088 3782 fabulam
1109 3719 1305 3800 tractaverit,
1327 3743 1388 3786 nu-

294 3844 403 3890 merus
427 3822 570 3908 denique
587 3823 752 3904 dramatis,
775 3824 948 3908 eaeigitnr
960 3835 1080 3914 partes,
1101 3826 1219 3912 quibus
1239 3827 1295 3892 vix
1320 3827 1389 3894 ulla

294 3931 487 4020 hypothesis
507 3932 659 4009 caruerit,
683 3943 867 4022 opportune
899 3943 1006 4000 tamen
1038 3945 1211 4019 testantur,
1232 3935 1274 4002 de
1296 3959 1387 4026 prae

293 4039 412 4106 stantia
447 4041 627 4106 carminum
658 4040 782 4106 dixisse
815 4042 848 4106 in
886 4045 1090 4128 argumentis
1122 4044 1387 4134 Aristophanem

361 4153 377 4160 υ
392 4191 426 4246 37
437 4149 551 4244 *Notata
577 4189 701 4262 dignum,
725 4191 810 4246 etiam
826 4191 856 4246 in
874 4191 926 4245 hae
941 4191 1088 4263 hypothesi
1106 4193 1202 4250 addita
1232 4211 1301 4264 ease,
1322 4195 1389 4266 quid

295 4291 415 4358 agerent
431 4285 511 4342 chori
529 4303 675 4382 personae,
697 4287 772 4357 quod
789 4305 874 4359 supra
891 4274 1075 4344 mutendihn
1093 4291 1222 4346 omuibus
1239 4307 1387 4364 mman-

292 4384 329 4440 tia
350 4383 545 4456 ammphania
562 4382 749 4455 significatum
766 4383 861 4440 δαίετο.
