3020 5020
788 1167 854 1236 111

379 1432 506 1517 Quodsi
534 1432 675 1520 deniquo
699 1433 740 1498 ad
770 1432 918 1498 ultimam
934 1417 1126 1499 accedimus
1150 1433 1377 1519 quaestionem

282 1566 354 1611 eam
376 1542 540 1625 nimirum,
562 1565 641 1606 num
663 1542 745 1608 baec
766 1541 845 1606 artis
867 1541 1018 1630 poeticae
1040 1541 1264 1607 observandae
1291 1542 1377 1608 ratio

279 1653 320 1719 ab
344 1651 567 1740 Aristophane
592 1650 698 1737 primo
720 1649 879 1734 instituta,
900 1671 960 1738 per
980 1648 1163 1736 Didymum
1185 1650 1320 1716 dilatata
1344 1661 1378 1718 et

277 1760 313 1826 in
337 1757 460 1824 scholia
481 1767 593 1824 nostra
612 1765 785 1844 poetarum
807 1757 1009 1844 tragicorum
1030 1757 1130 1840 illata,
1155 1758 1376 1824 arecentiore

280 1866 423 1953 denique
444 1864 658 1953 grammatico
682 1888 756 1931 raro
780 1876 813 1932 et
823 1866 1019 1954 plerumque
1042 1888 1198 1956 perverse
1218 1866 1375 1952 adhibita,

279 1999 358 2042 num
382 1976 475 2060 haec,
505 1975 590 2060 dico,
618 1975 686 2041 sive
718 1975 758 2040 ab
788 1975 867 2064 ipsis
895 1975 962 2043 illis
990 1975 1111 2041 criticis
1143 1975 1210 2041 sive
1239 1975 1280 2041 ab
1303 1975 1375 2041 aliia

282 2085 428 2151 exercita
450 2083 547 2151 sitin
570 2083 708 2149 aliorum
736 2092 907 2170 poctarum
933 2083 1131 2149 carminibus
1159 2084 1375 2169 illustrandis,

282 2192 350 2260 eius
367 2193 402 2259 in
413 2193 588 2283 praeclaris
600 2193 733 2260 scholiis
747 2193 997 2278 Pindaricis,
1019 2215 1103 2280 quae
1116 2203 1163 2260 tot
1176 2195 1374 2260 reconditio-

280 2301 326 2366 ris
339 2301 518 2383 doctrinae,
529 2301 714 2390 Didymeae
728 2301 899 2389 imprimis,
914 2301 1094 2391 specimina
1107 2312 1289 2386 servarunt,
1305 2303 1374 2370 nul-

281 2409 349 2476 lum
361 2409 610 2498 deprehendere
629 2411 719 2498 potui
741 2409 926 2496 vestigium.
951 2410 1038 2498 quod
1060 2411 1094 2476 in
1115 2412 1177 2478 hoo
1199 2421 1297 2500 poeta
1319 2411 1374 2478 mi-

280 2519 369 2585 nime
391 2519 520 2586 mirum.
563 2519 641 2586 licet
667 2530 797 2585 veteres
821 2521 1031 2608 interpretes,
1055 2531 1091 2586 ut
1111 2521 1318 2589 Callistratus
1342 2533 1374 2588 et

279 2627 489 2714 Didymus⁸⁸,
507 2628 548 2694 ad
569 2638 714 2694 mentem
737 2639 853 2716 poetae
872 2614 1117 2716 consiliumque
1133 2617 1315 2697 eruendum
1331 2641 1374 2696 at·

281 2737 466 2820 tenderent,
489 2748 597 2803 tamen
610 2737 745 2804 Pindari
759 2760 810 2803 ars
833 2747 967 2826 prorsus
979 2737 1075 2804 aliam
1090 2738 1275 2825 explicandi
1290 2740 1374 2806 viam

281 2847 478 2933 requirebat.
519 2846 636 2912 horum
659 2847 838 2912 carminum
863 2846 1064 2913 admirabilia
1085 2849 1227 2913 varietas
1247 2870 1373 2938 omnem

279 2957 455 3042 respuebat
482 2965 605 3021 certam
631 2955 797 3042 fixamque
828 2955 1066 3043 interpretandi
1088 2979 1245 3034 normam,
1279 2955 1372 3022 etad

280 3063 474 3152 perplexam
487 3065 604 3130 horum
619 3065 801 3129 carminum
814 3063 1083 3153 compositionem
1098 3074 1265 3150 artemque
1288 3065 1371 3132 clare

281 3171 544 3262 perspiciendam
569 3173 813 3260 quaestionibus
839 3195 919 3260 opus
943 3183 1013 3238 erat
1030 3173 1192 3240 historicis
1207 3174 1372 3262 mythicis·

283 3303 357 3367 que,
388 3303 471 3368 quae
499 3283 616 3346 breves
645 3281 718 3345 illas
748 3290 780 3346 et
808 3282 954 3346 concisas
977 3292 1070 3350 notas
1093 3308 1112 3348 a
1134 3283 1247 3348 limine
1269 3283 1372 3349 statim

281 3398 445 3456 arcerent.

285 3553 484 3566 ι-ᾑ-

381 3647 416 3702 68
434 3641 490 3700 Cir.
508 3644 596 3700 schol.
614 3644 693 3700 Nem.
708 3644 750 3700 17
768 3639 891 3702 πιθανὸν
909 3635 960 3700 οὖν
979 3660 1066 3717 φησιν
1086 3641 1101 3698 ὁ
1121 3645 1247 3718 Δίδυμος
1264 3647 1310 3700 καὶ
1327 3643 1372 3700 τὸν

282 3741 330 3796 tat
347 3741 394 3810 τῆς
411 3745 537 3812 Χρομίου
554 3743 699 3814 Νεμεακῆς
722 3747 796 3806 νίκης
822 3741 947 3796 ἐπίνικον
969 3739 1049 3796 ἕνεκα
1072 3735 1167 3795 τούτου
1184 3735 1371 3812 donastistas,

280 3833 351 3908 ὑπὲρ
367 3837 415 3892 τοῦ
431 3837 542 3909 μέλλειν
561 3831 644 3892 αὐτὸν
660 3835 730 3908 ὑπίρ
748 3837 794 3904 τῆς
814 3829 990 3908 πανηγύρεως
1000 3829 1185 3908 dedicamur.
1204 3836 1368 3892 ιοοιοὶοίκο-

282 3939 385 4006 νομίαν
403 3933 459 4004 legi
477 3929 556 4000 Pyth.
569 3931 607 3986 lV
626 3933 708 3988 inser.
727 3929 783 4002 ἥτις
801 3939 846 3988 καὶ
864 3937 1012 4004 οἰκειοτέρα
1033 3933 1091 3988 ἐστὶ
1112 3929 1179 3987 κατὰ
1202 3929 1234 3987 τὰ
1254 3927 1370 4006 turipum

282 4033 328 4084 aral
344 4027 412 4083 κατὰ
430 4025 479 4096 τὴν
495 4029 662 4100 οἰκονομίαν.
681 4029 788 4102 Olymp.
798 4030 840 4084 19
858 4023 887 4085 εὖ
904 4035 950 4086 καὶ
961 4033 991 4086 ἐκ
1001 4030 1096 4102 καιροῦ
1115 4029 1152 4084 ib.
1166 4031 1216 4084 105
1227 4029 1370 4102 δαιμονίως

282 4124 386 4195 Pytnl
404 4123 489 4180 inser.
508 4118 777 4180 otarrdmraib.137
796 4129 970 4196 χαριέστατα.
990 4123 1167 4180 haecomnia
1185 4123 1229 4180 rel
1241 4123 1369 4194 Didymae

282 4219 326 4278 vel
345 4219 523 4276 Callistrataa
545 4218 599 4274 nisi
621 4219 732 4290 singula
754 4220 892 4276 vocabula
921 4219 990 4275 nihil
1009 4235 1156 4276 commune
1182 4221 1286 4276 habent
1311 4235 1368 4276 cun

282 4315 526 4373 observationibus
544 4315 573 4370 in
593 4321 691 4388 poetas
713 4315 836 4388 tragicos
857 4315 892 4372 de
910 4315 953 4374 hia
971 4317 1056 4372 rebus
1074 4314 1219 4372 institutis.
