2994 5018
812 377 855 446 80

284 560 323 633 τό
344 562 380 632 δὲ
396 557 689 650 περιπέτειάν
709 588 780 631 τινα
801 555 895 646 εἶχεν,
922 563 956 631 ἐκ
977 566 1038 650 τῆς
1058 556 1236 644 Ὀδυσσέως
1255 556 1383 650 μνήμης

284 671 332 752 είς
352 669 477 759 δάκρυα
498 668 729 759 προπεσόντος
753 675 817 739 τοῦ
847 672 932 756 νέου,
963 670 1011 753 είς
1040 668 1192 758 ὑποψίαν
1223 672 1381 758 ἐμπεσεῖν

285 776 444 870 ἀληθείας
464 779 522 851 τόν
545 781 725 850 Μενέλαον.
772 777 852 868 αύτη
880 782 990 850 τοίνυν
1012 785 1072 848 τοῦ
1094 781 1262 848 νεανίσκου
1284 777 1304 868 ἡ
1326 778 1382 848 ἔτι·

287 893 403 980 πληξις
422 886 536 976 καιρόν
555 890 698 977 παρέσχε
719 893 767 977 τῷ
788 885 953 978 Μενελάῳ
974 894 1040 956 τῶν
1061 885 1174 978 λόγων.
1208 891 1379 958 verbosius

288 1001 451 1088 quoddam
486 1001 574 1087 quod
597 999 638 1066 ad
660 1001 799 1066 eundem
821 1023 952 1068 versum
978 1009 1104 1089 spectat
1124 1000 1159 1065 in
1181 999 1210 1067 Ε
1231 999 1380 1066 scholion

290 1112 346 1178 vel
368 1110 486 1178 elarius
513 1109 733 1198 Porphyrium
756 1110 839 1196 sapit
865 1109 990 1188 ἐκεῖνος
1014 1107 1075 1191 μέν
1101 1102 1207 1175 ἐλάλει
1235 1107 1380 1198 κρυφίως

286 1216 374 1306 πρός
395 1215 453 1286 τόν
474 1216 684 1304 Νεστορίδην,
708 1211 754 1304 μή
777 1240 861 1286 ποτε
883 1212 985 1299 κόλαξ
1004 1219 1100 1307 φανῇ.
1130 1211 1148 1283 δ
1172 1214 1285 1302 μέντοι
1307 1223 1380 1284 Μι-

284 1329 397 1407 νέλαος
417 1321 633 1413 προσεντινός
655 1319 700 1391 tta
725 1315 844 1414 ἤκουσε
872 1326 938 1390 τῶν
967 1324 1148 1411 λεγομένων
1178 1326 1233 1393 καί
1262 1317 1379 1414 ἤρξατο

286 1440 396 1506 λαλεῖν
411 1421 543 1516 αὐτοῖς.
586 1439 688 1502 ταῦτα
716 1435 752 1502 δὲ
781 1432 1011 1520 οἰκονομία
1024 1439 1050 1478 ⁷⁹
1072 1438 1135 1502 τοῦ
1155 1429 1306 1523 Ὁμήρου,
1326 1437 1378 1502 καὶ

282 1549 336 1614 ἵνα
365 1542 510 1635 πλατύνη
539 1543 597 1634 τὴν
629 1546 764 1633 ποίησιν
793 1537 902 1613 oritoni
932 1545 986 1611 καί
1015 1545 1069 1611 ἵνα
1099 1539 1177 1635 ε’ίπη
1206 1537 1228 1611 ἃ
1256 1541 1303 1625 είς
1322 1541 1379 1633 τὴν

282 1649 399 1723 Ἰλιάδα
419 1647 482 1724 ούκ
511 1648 597 1722 εἷπε.
639 1654 749 1740 μέλλει
772 1655 830 1742 γάρ
852 1659 1050 1740 παραγαγεῖν
1078 1655 1133 1720 καί
1159 1651 1218 1743 τὴν
1243 1651 1377 1742 Ἑλένην,
1476 1703 1477 1740 ,

284 1761 369 1834 atara
390 1765 544 1852 γνωρίσαι
559 1757 684 1844 αύτούς
706 1766 759 1832 καί
780 1763 888 1832 εἰπεῖν
908 1766 986 1849 περί
1007 1767 1072 1832 τοῦ
1092 1755 1271 1844 Ὀδυσσέως
1290 1763 1377 1830 ἐπαί-
1476 1783 1477 1860 ss

284 1899 367 1955 νους,
391 1874 446 1940 καὶ
465 1874 635 1956 καταλέξαι
657 1871 722 1961 ἕδη
744 1879 918 1960 γυναικεῖα,
939 1873 993 1939 καί
1014 1868 1082 1958 άμα
1103 1871 1158 1940 καί
1176 1869 1235 1960 τὴν
1252 1868 1377 1960 Ἑλένην

287 1979 492 2078 ἐγκωμιάσαι.
537 1982 571 2050 έν
597 1979 659 2070 γάρ
691 1987 730 2074 τῇ
760 1975 869 2051 Ἰλιάδι
894 1975 992 2050 οδδὲν
1019 1975 1095 2050 εἶπε
1115 1978 1154 2049 τδ
1176 1978 1275 2066 τυχόν
1302 1981 1377 2068 περὶ

283 2083 388 2179 αὐτῆς
406 2086 617 2178 έπαινετήρια
635 2090 804 2179 <extrema
823 2100 988 2179 corrupta,
1010 2083 1104 2158 σύδὲν
1125 2082 1200 2157 εἷπε
1222 2085 1321 2173 τυχόν
1336 2125 1371 2138 -

284 2196 510 2287 δπαινετὴριον
528 2198 752 2287 Dindorfius>.
834 2278 838 2288 .

387 2307 567 2375 Commode
591 2307 667 2374 hnio
689 2308 815 2374 scholio
840 2309 1080 2392 subiungentur
1104 2307 1374 2397 reliqua‚qu1hus

284 2416 395 2484 Iliadis
416 2426 645 2504 argumentum
667 2416 800 2510 longius
824 2416 977 2503 persequi
995 2415 1029 2483 in
1052 2415 1205 2503 Odyssea
1224 2427 1374 2484 censetur

286 2508 462 2592 Homerirs.
506 2523 654 2604 scholQ
675 2525 772 2592 ‹3245›
791 2524 847 2592 διαί
870 2521 977 2593 πολλὰ
1003 2528 1061 2614 τῆς
1089 2521 1242 2612 πράξεως
1262 2524 1376 2614 ταύτης

283 2629 481 2721 μνημονεύει
502 2630 520 2702 ό
543 2631 683 2724 ποιητὴς
705 2630 743 2703 ού
763 2631 865 2720 μόνον
887 2630 941 2704 δτι
960 2635 1047 2718 πρός
1064 2632 1122 2724 τὴν
1143 2634 1278 2723 ποίησιν
1299 2659 1379 2720 συμ-

284 2744 379 2834 φέρει
399 2741 448 2811 τὰ
473 2742 526 2831 μή
555 2745 769 2830 δεδομένα
798 2749 874 2833 τῆς
904 2738 1082 2826 Ἰλιάδος
1104 2749 1159 2812 νύν
1182 2745 1379 2836 ἐμφανίζειν,

284 2849 368 2922 ἄλλά
390 2854 445 2920 καί
464 2850 551 2940 πρός
573 2854 631 2943 την
651 2856 947 2943 μνηστηροκτονίαν
966 2859 1068 2922 ταῦτα
1086 2847 1291 2944 ᾠκονόμηται
1311 2857 1379 2924 ssi..
1475 2885 1476 2904 ι

283 2963 429 3048 scholQ
454 2962 545 3029 6187
567 2959 616 3031 τά
642 2963 684 3031 έν
705 2955 852 3031 Ἰλιάδι
873 2964 1226 3055 παραλειφθέντα
1247 2964 1302 3032 διὰ
1321 2969 1381 3052 τῆς

282 3063 465 3151 Ὀδυσσείας
495 3071 541 3152 οἷς
572 3075 654 3158 μιάς
684 3065 787 3160 οόσης
819 3077 877 3162 τῆς
908 3074 1130 3161 πραγματείας
1160 3075 1379 3162 παραδίδωσι.

286 3179 532 3267 εοίιοί.Εγ248
553 3183 662 3263 καλῶς
678 3177 982 3269 άναπλήρωσις
1002 3187 1063 3271 τῆς
1083 3175 1216 3263 Ἰλιάδος
1238 3175 1380 3272 ἡὈδυσ-

283 3287 356 3356 σεία
378 3289 513 3376 λέγεται.
535 3281 556 3356 δ
577 3287 636 3376 γὰρ
658 3290 853 3378 κατέλειψεν
864 3290 941 3377 ἐκεῖ,
963 3290 1110 3359 ἐνταῦθα
1123 3292 1218 3378 λέγει.
1242 3292 1377 3360 eandem

283 3399 479 3466 sententiam
500 3399 724 3488 Porphyrium
750 3422 879 3488 quoqne
911 3401 1065 3469 hahuisse
1095 3402 1193 3468 docet
1222 3401 1376 3470 scholss

284 3508 316 3573 Ω
332 3505 403 3589 804,
424 3507 481 3574 uhi
507 3509 698 3593 Menecrati,
731 3510 785 3597 qni
821 3510 1037 3579 contenderat
1056 3511 1238 3578 Homerum
1258 3511 1376 3576 virium

283 3637 414 3682 suarum
436 3615 669 3686 imbecillitatis
692 3619 753 3685 sibi
772 3621 943 3685 oonsoium
965 3619 1222 3709 praetermisisse
1241 3615 1283 3687 sd
1297 3621 1374 3705 μεθ’

275 3717 424 3809 Ἕκτορα,
449 3726 586 3812 opponit
597 3726 703 3806 καλοῖς
720 3727 757 3794 δέ
778 3723 991 3813 ἐταμιεύσατο
1013 3725 1118 3817 ἑαυτῷ
1140 3726 1181 3794 sd
1200 3727 1377 3797 lomdsois

284 3825 472 3919 ζητημάτων
494 3829 542 3912 είς
562 3831 622 3920 τήν
642 3825 844 3904 Ὀδυσσείαν·
877 3838 977 3924 μικρὰ
1005 3835 1065 3924 γὰρ
1101 3826 1138 3926 ἦν
1168 3833 1375 3928 ἦύπόδεσις

282 3939 360 4026 περί
384 3943 445 4029 τῆς
467 3937 571 4022 οἰκίας
589 3945 652 4010 τοῦ
673 3935 851 4026 Ὀδυσσέως
870 3942 988 4031 μόνον·
1019 3945 1053 4014 έν
1074 3951 1121 4036 τῷ
1144 3947 1234 4038 μέσῳ
1256 3933 1315 4016 σύν
1335 3941 1374 4014 τά

285 4086 480 4104 ι’-Ἀ--ιι

383 4183 418 4238 79
436 4183 525 4240 Huius
551 4185 649 4257 stirpis
668 4187 804 4246 voeabula
823 4189 981 4262 traquoutia
1001 4191 1029 4246 in
1047 4191 1231 4264 problematis
1252 4191 1374 4263 Porphy-

284 4275 377 4334 rionis.
399 4279 580 4354 σίνονσμιιιῶς
597 4281 684 4340 sohol.
694 4283 744 4340 Ao
754 4293 782 4342 A
797 4285 891 4341 laliis.
912 4286 1218 4360 προανονομεῖνισύολ
1230 4286 1276 4342 BL
1289 4287 1372 4342 usto

283 4373 345 4428 vida
363 4391 453 4446 παρτε.
476 4373 651 4452 σίκανιμαόν
668 4379 788 4438 roholll
806 4383 889 4454 7⁸⁶⁶
906 4387 959 4438 eto.
