3020 5020
659 357 699 423 51

123 534 255 601 scholio
267 536 413 604 Oobetus
435 539 578 607 restituit
598 533 789 625 ὲοκύηλημο,
812 542 846 606 in
867 541 972 610 altero
988 543 1222 612 restituendum

122 643 218 712 idem
241 667 313 712 csse
336 646 460 717 monuit
480 647 671 716 Diodorfius
692 647 727 713 in
750 647 924 718 Addcudis
937 651 1054 720 scholi.
1067 650 1147 720 Eur.
1163 655 1227 720 vol.

124 753 179 818 IV
197 777 229 842 p.
240 754 312 822 230.
333 756 397 824 iam
419 779 532 825 sensus
555 757 730 824 verborum
753 759 937 826 necessario
959 759 1013 826 hio
1033 773 1097 828 est:
1118 757 1226 848 ‘ency-

123 865 270 934 clemete
286 865 320 932 in
336 887 453 932 senene
469 865 655 950 exhibetur,
677 867 765 953 quod
786 867 874 934 intus
892 868 937 949 fit,
952 868 1135 957 ‘Euripides
1148 894 1227 938 vcro
1302 919 1305 926 -

125 973 314 1042 Phaedram
338 974 436 1043 aedes
460 975 704 1059 relinquentem
730 977 818 1059 feeit,
841 998 923 1062 ergo
947 980 1135 1064 eecycleme
1159 1003 1226 1048 non

84 1113 90 1123 ·
122 1091 243 1169 aptum
262 1090 311 1148 est
331 1103 469 1148 sceencc
490 1065 686 1170 hypothesi.
710 1083 949 1154 emendandum
964 1086 1065 1172 igitur
1079 1089 1226 1155 scholion

102 1193 192 1291 'itnz
214 1194 317 1258 eorico
338 1189 559 1277 σοσημείωκεν
581 1182 828 1281 Ἀριστοφάνης,
853 1188 906 1260 ὅτι
927 1189 1008 1262 κατὰ
1035 1194 1073 1264 τὸ
1096 1189 1228 1283 circadis

38 1317 42 1330 ·
122 1299 174 1368 τὸ
199 1291 516 1386 ἓκκύκλημαοῦκ
537 1296 733 1368 οἰκεῖόνδῦ
755 1301 824 1372 ἐστι
840 1306 880 1390 σῇ
895 1299 1068 1372 ὑποθέσει·
1091 1304 1148 1372 ἐπὶ
1168 1302 1227 1392 γὰρ

121 1411 189 1494 τῆς
210 1410 327 1495 σκηνῆς
349 1407 529 1476 δείκνυσι
549 1404 590 1474 toi
612 1405 706 1476 iidoc
728 1406 947 1496 πραττόμενα,
970 1410 989 1478 ὁ
1011 1412 1047 1480 δὲ
1066 1410 1130 1496 ἔξω
1143 1437 1229 1500 προ-

120 1519 242 1584 ϊοῦσαν
263 1507 365 1603 αὐτην
388 1511 599 1584 ὑποτίθεται.
640 1518 727 1606 quod
757 1520 885 1588 restitui
910 1513 978 1588 oric
1006 1518 1129 1594 circuitio
1160 1522 1229 1592 ἔστι

122 1649 189 1716 pro
212 1625 361 1694 codicum
381 1629 544 1716 scripture
566 1623 717 1698 τοιοῦτόν
738 1627 808 1698 ἐστι
831 1653 873 1698 ox
898 1631 1065 1718 frequenti
1088 1633 1229 1702 scheliu-

123 1747 251 1802 stsrum
274 1759 334 1802 usu
356 1736 477 1804 dictum
502 1747 563 1820 est,
584 1739 640 1826 qui
660 1734 784 1805 citerior
806 1739 903 1806 modo
921 1761 993 1806 curn
1010 1740 1228 1810 dstivemodo

123 1867 204 1910 cum
226 1845 380 1930 genetivo
403 1845 608 1931 coniungunt
638 1847 739 1912 veluti
769 1843 811 1912 nd
834 1848 921 1915 Med.
937 1849 999 1916 922
1022 1848 1084 1916 οὐκ
1106 1848 1228 1918 οἰκεῖον

124 1955 175 2040 τῷ
198 1947 373 2039 προσώπῳ
396 1948 513 2040 τούτῳ.
798 2043 800 2049 Ι

230 2062 286 2134 Sic
307 2064 491 2150 posteriore
512 2053 637 2132 scholio
657 2065 715 2129 lux
738 2066 917 2132 effunditur
940 2067 1051 2153 priori.
1100 2061 1244 2136 Aristo-⁹
1344 2099 1347 2105 ¹

127 2171 404 2264 phenes'notsvit
436 2172 624 2259 eccyelemn
653 2175 694 2239 cb
716 2173 876 2262 Euripide
906 2196 1006 2262 prave
1038 2176 1227 2244 edhibitum.

129 2289 194 2356 hoc
224 2309 330 2376 genus
364 2289 629 2356 observationum
659 2289 763 2372 nobis,
796 2289 850 2373 qui
878 2299 1073 2374 argumente
1104 2299 1228 2355 tanturm

127 2397 413 2486 perlustravimus,
437 2420 558 2464 novum
581 2409 640 2464 est.
679 2397 775 2466 istius
797 2397 901 2483 igitur
923 2399 1079 2486 patebant
1103 2397 1228 2465 Aristo-

129 2507 248 2596 phanis
273 2509 526 2587 observationes,
546 2530 628 2594 quae
651 2509 691 2573 sd
709 2519 813 2574 artem
829 2487 997 2594 poetarum
1014 2508 1226 2594 pertinerent.

129 2635 205 2682 nam
230 2615 265 2694 in
287 2638 326 2682 eo
349 2616 444 2682 etiem
466 2639 502 2683 re
525 2617 726 2706 conspicitur
741 2639 794 2682 ers
810 2625 936 2702 poetae,
958 2624 993 2680 ut
1012 2635 1094 2699 queo
1111 2613 1229 2680 trudito

129 2735 207 2792 sunt
228 2725 372 2791 subsidio
394 2725 435 2790 ed
462 2735 586 2792 eertum
617 2723 779 2810 quendam
810 2723 962 2790 effectum
987 2722 1150 2791 edendum
1175 2721 1229 2790 de·

128 2833 260 2916 seinata,
282 2857 339 2899 suo
362 2835 436 2900 ioco
459 2845 570 2900 etsuo
594 2844 742 2923 tempore
761 2832 922 2900 adhibent.
936 2833 972 2898 in
985 2831 1111 2918 tragice
1124 2832 1236 2900 Grec.

128 2963 243 3010 cerum
268 2942 370 3030 poesi,
392 2942 419 3010 si
440 2943 472 3009 in
497 2943 564 3009 uile
582 2943 646 3009 alie
665 2954 747 3023 crte,
769 2951 857 3008 certo
881 2941 1013 3026 fineque
1034 2949 1069 3007 et
1084 2951 1178 3008 erent
1194 2952 1228 3008 et

75 3079 80 3092 =
133 3033 300 3117 debebnnt
319 3072 390 3119 esse
410 3061 548 3118 externe
559 3050 714 3134 subsidio,
737 3051 808 3116 sine
821 3050 938 3136 quibus
951 3050 1041 3116 nulle
1060 3073 1112 3119 crs
1133 3052 1228 3135 eogi-

134 3160 195 3226 teri
211 3169 330 3248 potest.
353 3161 400 3226 sic
416 3170 568 3226 constans
590 3158 820 3244 eecyeiemrtis
843 3181 921 3226 usus
943 3159 988 3225 ihi
1012 3169 1092 3240 erat,
1115 3159 1170 3225 uhi
1197 3160 1230 3226 io

133 3289 255 3336 senene
275 3277 610 3355 repraesentarentur,
631 3287 712 3352 quae
735 3267 823 3336 intus
844 3266 971 3334 fierent.
994 3277 1027 3334 at
1043 3265 1228 3356 Euripides,

133 3505 188 3558 uto
206 3504 325 3558 ἐνταῦθα
347 3505 378 3558 ἐν
395 3498 544 3574 avetinum
566 3498 620 3574 γάρ
641 3503 715 3574 (siet)
735 3506 763 3557 et
780 3503 894 3573 gravius
912 3508 1077 3573 corruptum
1095 3502 1126 3556 in
1144 3503 1230 3558 schol.

133 3597 231 3668 Antia.
251 3600 319 3655 1293
339 3599 522 3668 ἐγκέκλεισται
542 3596 559 3670 ᾖ
577 3594 653 3668 γυνή,
673 3599 748 3668 qued
766 3597 932 3660 Steeckerue
954 3603 983 3654 et
1001 3595 1162 3658 Ellendtius
1173 3615 1229 3654 er.

133 3687 224 3766 μυχός
235 3693 420 3752 emendarunt
433 3694 463 3748 in
477 3696 651 3762 ἐκκυκλεῖται,
670 3694 811 3750 debebant
820 3694 850 3748 in
862 3695 1036 3764 tynucieiree.
1047 3694 1132 3756 schol.
1145 3695 1231 3751 Arist.

132 3790 253 3846 Acheru.
266 3790 395 3846 408Rev.
416 3783 707 3862 proebettymixtwc,
726 3789 801 3846 idem
812 3789 911 3846 Suides
924 3807 980 3844 ev.
998 3786 1184 3860 traconitidem.
1204 3795 1233 3844 et

133 3904 189 3940 uno
211 3886 283 3953 loco,
313 3887 361 3941 ubi
379 3887 545 3940 vocabulum
561 3886 655 3940 inveni
674 3886 703 3939 in
723 3885 834 3942 scholiis
854 3885 1009 3940 Homericis
1028 3885 1050 3939 Β
1070 3888 1158 3942 Σ477
1176 3902 1232 3939 non

131 3983 214 4037 eliter
233 3981 369 4052 scriptum
387 3983 431 4036 est
447 3977 541 4052 ὥσπερ
559 3982 606 4036 ἐπὶ
625 3983 724 4050 σκηνῆς
737 3975 912 4051 ἱγκοκλήσας.
931 3981 971 4035 sic
982 3981 1084 4050 septies
1095 3980 1230 4035 librorum

129 4078 267 4133 memorie
286 4083 409 4132 testetur
428 4072 586 4150 ἐγκύκλημο
605 4082 634 4132 et
653 4079 854 4148 ἰγκοκλεῑσθαι,
875 4077 919 4132 bie
938 4074 1056 4130 niteram
1075 4073 1199 4130 iormem.

232 4175 267 4230 65
284 4173 419 4230 Similiter
443 4175 473 4228 in
498 4173 851 4230 seh01.AAsseh.Prom.
872 4187 895 4228 r.
912 4173 963 4227 oet
989 4173 1019 4227 tv
1044 4177 1099 4230 τοῖς
1125 4167 1233 4226 τοιού·

131 4290 204 4332 τοις
221 4266 317 4331 τόποις
332 4287 385 4342 pro
404 4271 435 4326 dv
453 4278 510 4332 σοῖς
525 4275 673 4330 οἰκείως
692 4266 788 4331 τόποις
803 4271 940 4340 scriptum
958 4271 1010 4335 est,
1028 4267 1106 4337 qued
1116 4267 1232 4322 noemin

131 4368 193 4424 eliis
211 4367 356 4426 codicibus
375 4367 489 4438 legitur.
506 4367 580 4422 hunc
600 4367 691 4422 iocum
710 4365 930 4423 munsuinthi
949 4363 1164 4422 Heimsoethius.
